Symbol,Ask_Price,Ask_Vol,Bid_Price,Bid_Vol,Timestamp
AAPL,127.37,8,127.35,6,2021-05-14 15:17:14.123915185-04:00
AAPL,127.37,7,127.35,6,2021-05-14 15:17:14.124451674-04:00
AAPL,127.37,6,127.35,6,2021-05-14 15:17:14.124470317-04:00
AAPL,127.37,2,127.35,6,2021-05-14 15:17:14.124470717-04:00
AAPL,127.37,2,127.35,6,2021-05-14 15:17:14.125118656-04:00
AAPL,127.37,1,127.35,6,2021-05-14 15:17:14.125121316-04:00
AAPL,127.37,1,127.35,5,2021-05-14 15:17:14.125181322-04:00
AAPL,127.38,2,127.35,5,2021-05-14 15:17:14.125207319-04:00
AAPL,127.38,2,127.36,1,2021-05-14 15:17:14.125214678-04:00
AAPL,127.38,2,127.36,2,2021-05-14 15:17:14.125223061-04:00
AAPL,127.38,2,127.36,1,2021-05-14 15:17:14.125281686-04:00
AAPL,127.38,2,127.36,2,2021-05-14 15:17:14.125476164-04:00
AAPL,127.38,2,127.36,5,2021-05-14 15:17:14.125530859-04:00
AAPL,127.37,1,127.36,5,2021-05-14 15:17:14.125573326-04:00
AAPL,127.37,1,127.36,5,2021-05-14 15:17:14.125652167-04:00
AAPL,127.37,1,127.36,6,2021-05-14 15:17:14.125903496-04:00
AAPL,127.37,1,127.36,3,2021-05-14 15:17:14.126018965-04:00
AAPL,127.37,1,127.36,4,2021-05-14 15:17:14.126069977-04:00
AAPL,127.37,1,127.36,3,2021-05-14 15:17:14.126120743-04:00
AAPL,127.38,2,127.36,3,2021-05-14 15:17:14.126183991-04:00
AAPL,127.38,2,127.36,3,2021-05-14 15:17:14.126432749-04:00
AAPL,127.37,1,127.36,3,2021-05-14 15:17:14.126569400-04:00
AAPL,127.37,1,127.36,2,2021-05-14 15:17:14.126591258-04:00
AAPL,127.37,2,127.36,2,2021-05-14 15:17:14.127264819-04:00
AAPL,127.37,1,127.36,2,2021-05-14 15:17:14.127286481-04:00
AAPL,127.37,1,127.36,1,2021-05-14 15:17:14.127922662-04:00
AAPL,127.37,2,127.36,1,2021-05-14 15:17:14.135759075-04:00
AAPL,127.37,3,127.36,1,2021-05-14 15:17:14.140620249-04:00
AAPL,127.37,2,127.36,1,2021-05-14 15:17:14.151459787-04:00
AAPL,127.37,3,127.36,1,2021-05-14 15:17:14.160434878-04:00
AAPL,127.37,2,127.36,1,2021-05-14 15:17:14.167328333-04:00
AAPL,127.37,3,127.36,1,2021-05-14 15:17:14.171481237-04:00
AAPL,127.37,3,127.35,1,2021-05-14 15:17:14.176168104-04:00
AAPL,127.37,4,127.35,1,2021-05-14 15:17:14.176175296-04:00
AAPL,127.37,3,127.35,1,2021-05-14 15:17:14.336578080-04:00
AAPL,127.37,3,127.36,1,2021-05-14 15:17:14.336587575-04:00
AAPL,127.37,2,127.36,1,2021-05-14 15:17:14.426312391-04:00
AAPL,127.37,1,127.36,1,2021-05-14 15:17:14.427044658-04:00
AAPL,127.37,1,127.36,2,2021-05-14 15:17:14.527409218-04:00
AAPL,127.37,1,127.36,1,2021-05-14 15:17:14.528162799-04:00
AAPL,127.37,1,127.36,2,2021-05-14 15:17:14.534251892-04:00
AAPL,127.37,1,127.36,5,2021-05-14 15:17:14.534254378-04:00
AAPL,127.38,2,127.36,5,2021-05-14 15:17:14.534274563-04:00
AAPL,127.38,2,127.36,5,2021-05-14 15:17:14.534291877-04:00
AAPL,127.38,2,127.36,4,2021-05-14 15:17:14.535211390-04:00
AAPL,127.38,2,127.36,5,2021-05-14 15:17:14.535868328-04:00
AAPL,127.38,2,127.36,4,2021-05-14 15:17:14.535984327-04:00
AAPL,127.38,2,127.36,4,2021-05-14 15:17:14.535992331-04:00
AAPL,127.38,3,127.36,4,2021-05-14 15:17:14.539548480-04:00
AAPL,127.38,3,127.36,4,2021-05-14 15:17:14.539596091-04:00
AAPL,127.38,2,127.36,4,2021-05-14 15:17:14.539603886-04:00
AAPL,127.38,1,127.36,4,2021-05-14 15:17:14.539727306-04:00
AAPL,127.38,1,127.36,4,2021-05-14 15:17:14.539878269-04:00
AAPL,127.38,2,127.36,4,2021-05-14 15:17:14.539890328-04:00
AAPL,127.38,2,127.37,1,2021-05-14 15:17:14.539961559-04:00
AAPL,127.38,1,127.37,1,2021-05-14 15:17:14.539963340-04:00
AAPL,127.38,2,127.37,1,2021-05-14 15:17:14.540020667-04:00
AAPL,127.38,1,127.37,1,2021-05-14 15:17:14.540062119-04:00
AAPL,127.38,1,127.37,2,2021-05-14 15:17:14.540063126-04:00
AAPL,127.4,1,127.37,2,2021-05-14 15:17:14.540150068-04:00
AAPL,127.38,1,127.37,2,2021-05-14 15:17:14.540242818-04:00
AAPL,127.38,1,127.37,1,2021-05-14 15:17:14.540313969-04:00
AAPL,127.4,1,127.37,1,2021-05-14 15:17:14.540493687-04:00
AAPL,127.4,1,127.37,2,2021-05-14 15:17:14.540781318-04:00
AAPL,127.4,1,127.37,3,2021-05-14 15:17:14.540964981-04:00
AAPL,127.4,1,127.37,1,2021-05-14 15:17:14.542162729-04:00
AAPL,127.38,1,127.37,1,2021-05-14 15:17:14.542288617-04:00
AAPL,127.38,1,127.36,6,2021-05-14 15:17:14.542299824-04:00
AAPL,127.38,1,127.36,5,2021-05-14 15:17:14.542306521-04:00
AAPL,127.38,1,127.36,4,2021-05-14 15:17:14.542330999-04:00
AAPL,127.38,1,127.36,3,2021-05-14 15:17:14.542356648-04:00
AAPL,127.38,2,127.36,3,2021-05-14 15:17:14.542401900-04:00
AAPL,127.38,3,127.36,3,2021-05-14 15:17:14.542404736-04:00
AAPL,127.38,4,127.36,3,2021-05-14 15:17:14.543064931-04:00
AAPL,127.38,3,127.36,3,2021-05-14 15:17:14.543143008-04:00
AAPL,127.38,3,127.36,3,2021-05-14 15:17:14.545144553-04:00
AAPL,127.38,2,127.36,3,2021-05-14 15:17:14.545935965-04:00
AAPL,127.38,1,127.36,3,2021-05-14 15:17:14.550361040-04:00
AAPL,127.38,1,127.37,1,2021-05-14 15:17:14.550453498-04:00
AAPL,127.38,2,127.37,1,2021-05-14 15:17:14.550720904-04:00
AAPL,127.38,1,127.37,1,2021-05-14 15:17:14.551722115-04:00
AAPL,127.38,2,127.37,1,2021-05-14 15:17:14.558744762-04:00
AAPL,127.38,2,127.36,3,2021-05-14 15:17:14.592413774-04:00
AAPL,127.38,3,127.36,3,2021-05-14 15:17:14.592421189-04:00
AAPL,127.38,2,127.36,3,2021-05-14 15:17:14.642918324-04:00
AAPL,127.38,2,127.37,1,2021-05-14 15:17:14.643017617-04:00
AAPL,127.38,2,127.37,4,2021-05-14 15:17:14.689082099-04:00
AAPL,127.38,2,127.37,4,2021-05-14 15:17:14.689191966-04:00
AAPL,127.38,1,127.37,4,2021-05-14 15:17:14.689316300-04:00
AAPL,127.4,1,127.37,4,2021-05-14 15:17:14.691478709-04:00
AAPL,127.38,1,127.37,4,2021-05-14 15:17:14.711361104-04:00
AAPL,127.38,1,127.37,4,2021-05-14 15:17:14.711663541-04:00
AAPL,127.38,2,127.37,4,2021-05-14 15:17:14.713908973-04:00
AAPL,127.38,2,127.37,1,2021-05-14 15:17:14.723472021-04:00
AAPL,127.38,3,127.37,1,2021-05-14 15:17:14.723938325-04:00
AAPL,127.38,2,127.37,1,2021-05-14 15:17:14.761104233-04:00
AAPL,127.38,1,127.37,1,2021-05-14 15:17:14.761185751-04:00
AAPL,127.38,1,127.37,4,2021-05-14 15:17:14.761690873-04:00
AAPL,127.38,1,127.37,5,2021-05-14 15:17:14.804183766-04:00
AAPL,127.4,1,127.37,5,2021-05-14 15:17:14.806832454-04:00
AAPL,127.4,1,127.37,5,2021-05-14 15:17:14.841226193-04:00
AAPL,127.4,1,127.37,5,2021-05-14 15:17:14.850938585-04:00
AAPL,127.38,1,127.37,5,2021-05-14 15:17:15.078575758-04:00
AAPL,127.38,2,127.37,5,2021-05-14 15:17:15.078611859-04:00
AAPL,127.38,3,127.37,5,2021-05-14 15:17:15.136048558-04:00
AAPL,127.38,3,127.37,2,2021-05-14 15:17:15.136069145-04:00
AAPL,127.38,3,127.37,3,2021-05-14 15:17:15.254408965-04:00
AAPL,127.38,3,127.37,6,2021-05-14 15:17:15.254506194-04:00
AAPL,127.38,2,127.37,6,2021-05-14 15:17:15.254522825-04:00
AAPL,127.38,2,127.37,6,2021-05-14 15:17:15.254588098-04:00
AAPL,127.38,2,127.37,5,2021-05-14 15:17:15.287876787-04:00
AAPL,127.38,2,127.37,5,2021-05-14 15:17:15.288217619-04:00
AAPL,127.38,2,127.37,2,2021-05-14 15:17:15.291233341-04:00
AAPL,127.38,2,127.37,5,2021-05-14 15:17:15.400783038-04:00
AAPL,127.38,2,127.37,5,2021-05-14 15:17:15.420003700-04:00
AAPL,127.38,2,127.37,6,2021-05-14 15:17:15.449477202-04:00
AAPL,127.38,2,127.37,6,2021-05-14 15:17:15.693227539-04:00
AAPL,127.38,2,127.37,5,2021-05-14 15:17:15.707196051-04:00
AAPL,127.38,2,127.37,2,2021-05-14 15:17:15.708306419-04:00
AAPL,127.38,3,127.37,2,2021-05-14 15:17:15.720629734-04:00
AAPL,127.38,4,127.37,2,2021-05-14 15:17:15.725341293-04:00
AAPL,127.38,4,127.37,1,2021-05-14 15:17:15.732509002-04:00
AAPL,127.38,5,127.37,1,2021-05-14 15:17:15.732978172-04:00
AAPL,127.38,5,127.35,1,2021-05-14 15:17:15.732992024-04:00
AAPL,127.38,4,127.35,1,2021-05-14 15:17:15.913225673-04:00
AAPL,127.38,4,127.37,1,2021-05-14 15:17:15.913229564-04:00
AAPL,127.38,4,127.35,1,2021-05-14 15:17:15.966378961-04:00
AAPL,127.38,5,127.35,1,2021-05-14 15:17:15.966526605-04:00
AAPL,127.38,4,127.35,1,2021-05-14 15:17:15.970811606-04:00
AAPL,127.38,4,127.37,1,2021-05-14 15:17:15.970824911-04:00
AAPL,127.38,3,127.37,1,2021-05-14 15:17:16.169925122-04:00
AAPL,127.38,4,127.37,1,2021-05-14 15:17:16.189836633-04:00
AAPL,127.38,3,127.37,1,2021-05-14 15:17:16.218325835-04:00
AAPL,127.38,4,127.37,1,2021-05-14 15:17:16.345581959-04:00
AAPL,127.38,4,127.35,1,2021-05-14 15:17:16.346054689-04:00
AAPL,127.38,5,127.35,1,2021-05-14 15:17:16.346060089-04:00
AAPL,127.38,4,127.35,1,2021-05-14 15:17:16.346075871-04:00
AAPL,127.38,5,127.35,1,2021-05-14 15:17:16.346572939-04:00
AAPL,127.38,4,127.35,1,2021-05-14 15:17:16.358543694-04:00
AAPL,127.38,4,127.37,1,2021-05-14 15:17:16.358553-04:00
AAPL,127.38,3,127.37,1,2021-05-14 15:17:16.465459274-04:00
AAPL,127.38,3,127.37,2,2021-05-14 15:17:16.466022064-04:00
AAPL,127.38,2,127.37,2,2021-05-14 15:17:16.466742599-04:00
AAPL,127.38,2,127.37,5,2021-05-14 15:17:16.767433116-04:00
AAPL,127.38,2,127.37,6,2021-05-14 15:17:16.767916126-04:00
AAPL,127.38,2,127.37,5,2021-05-14 15:17:16.907575844-04:00
AAPL,127.38,2,127.37,2,2021-05-14 15:17:17.019683237-04:00
AAPL,127.38,3,127.37,2,2021-05-14 15:17:17.040202339-04:00
AAPL,127.38,4,127.37,2,2021-05-14 15:17:17.041343739-04:00
AAPL,127.38,4,127.37,1,2021-05-14 15:17:17.042101373-04:00
AAPL,127.38,5,127.37,1,2021-05-14 15:17:17.042107789-04:00
AAPL,127.38,4,127.37,1,2021-05-14 15:17:17.042187244-04:00
AAPL,127.38,4,127.37,2,2021-05-14 15:17:17.068760558-04:00
AAPL,127.38,4,127.37,5,2021-05-14 15:17:17.332778537-04:00
AAPL,127.38,3,127.37,5,2021-05-14 15:17:17.332787292-04:00
AAPL,127.38,3,127.37,5,2021-05-14 15:17:17.332798660-04:00
AAPL,127.38,3,127.37,6,2021-05-14 15:17:17.332813586-04:00
AAPL,127.38,2,127.37,6,2021-05-14 15:17:17.332853588-04:00
AAPL,127.39,2,127.37,6,2021-05-14 15:17:17.333373825-04:00
AAPL,127.39,1,127.37,6,2021-05-14 15:17:17.333928056-04:00
AAPL,127.4,1,127.37,6,2021-05-14 15:17:17.333944285-04:00
AAPL,127.4,1,127.37,6,2021-05-14 15:17:17.339979916-04:00
AAPL,127.38,1,127.37,6,2021-05-14 15:17:17.340721913-04:00
AAPL,127.38,1,127.37,5,2021-05-14 15:17:17.343842037-04:00
AAPL,127.4,1,127.37,5,2021-05-14 15:17:17.353285100-04:00
AAPL,127.4,1,127.37,6,2021-05-14 15:17:17.353285621-04:00
AAPL,127.4,1,127.37,6,2021-05-14 15:17:17.353911318-04:00
AAPL,127.4,1,127.37,5,2021-05-14 15:17:17.433001801-04:00
AAPL,127.4,1,127.37,5,2021-05-14 15:17:17.433006962-04:00
AAPL,127.38,1,127.37,5,2021-05-14 15:17:17.433091903-04:00
AAPL,127.38,2,127.37,5,2021-05-14 15:17:17.483936586-04:00
AAPL,127.38,3,127.37,5,2021-05-14 15:17:17.483973290-04:00
AAPL,127.38,3,127.37,2,2021-05-14 15:17:17.553082710-04:00
AAPL,127.38,3,127.37,5,2021-05-14 15:17:17.576029993-04:00
AAPL,127.38,3,127.37,6,2021-05-14 15:17:17.576124796-04:00
AAPL,127.38,3,127.37,5,2021-05-14 15:17:17.675738824-04:00
AAPL,127.38,2,127.37,5,2021-05-14 15:17:17.696608667-04:00
AAPL,127.38,3,127.37,5,2021-05-14 15:17:17.706824975-04:00
AAPL,127.38,4,127.37,5,2021-05-14 15:17:17.706943443-04:00
AAPL,127.38,4,127.37,2,2021-05-14 15:17:17.706968600-04:00
AAPL,127.38,4,127.37,1,2021-05-14 15:17:17.707262537-04:00
AAPL,127.38,4,127.35,1,2021-05-14 15:17:17.712264672-04:00
AAPL,127.38,5,127.35,1,2021-05-14 15:17:18.026114721-04:00
AAPL,127.38,6,127.35,1,2021-05-14 15:17:18.026120248-04:00
AAPL,127.38,6,127.35,1,2021-05-14 15:17:18.026577749-04:00
AAPL,127.38,7,127.35,1,2021-05-14 15:17:18.026995714-04:00
AAPL,127.38,6,127.35,1,2021-05-14 15:17:18.028093338-04:00
AAPL,127.37,1,127.35,1,2021-05-14 15:17:18.028105138-04:00
AAPL,127.37,1,127.36,1,2021-05-14 15:17:18.028117541-04:00
AAPL,127.38,5,127.36,1,2021-05-14 15:17:18.028126646-04:00
AAPL,127.38,4,127.36,1,2021-05-14 15:17:18.028137767-04:00
AAPL,127.38,4,127.36,2,2021-05-14 15:17:18.028161398-04:00
AAPL,127.37,1,127.36,2,2021-05-14 15:17:18.028171254-04:00
AAPL,127.37,1,127.36,3,2021-05-14 15:17:18.028298136-04:00
AAPL,127.37,1,127.36,3,2021-05-14 15:17:18.028697341-04:00
AAPL,127.37,2,127.36,3,2021-05-14 15:17:18.028756867-04:00
AAPL,127.37,1,127.36,3,2021-05-14 15:17:18.056272728-04:00
AAPL,127.37,5,127.36,3,2021-05-14 15:17:18.084324989-04:00
AAPL,127.37,5,127.36,2,2021-05-14 15:17:18.872519356-04:00
AAPL,127.37,5,127.36,3,2021-05-14 15:17:19.027044514-04:00
AAPL,127.37,5,127.36,2,2021-05-14 15:17:19.145666397-04:00
AAPL,127.37,5,127.36,3,2021-05-14 15:17:19.329593735-04:00
AAPL,127.37,5,127.36,2,2021-05-14 15:17:19.693100362-04:00
AAPL,127.37,5,127.36,3,2021-05-14 15:17:19.755735007-04:00
AAPL,127.37,5,127.36,6,2021-05-14 15:17:19.756044889-04:00
AAPL,127.37,5,127.36,3,2021-05-14 15:17:19.757141219-04:00
AAPL,127.37,5,127.36,2,2021-05-14 15:17:19.886274017-04:00
AAPL,127.37,5,127.36,3,2021-05-14 15:17:20.171888123-04:00
AAPL,127.37,5,127.36,2,2021-05-14 15:17:20.341279440-04:00
AAPL,127.37,5,127.36,1,2021-05-14 15:17:20.341286691-04:00
AAPL,127.37,6,127.36,1,2021-05-14 15:17:20.341287781-04:00
AAPL,127.37,7,127.36,1,2021-05-14 15:17:20.341303149-04:00
AAPL,127.37,6,127.36,1,2021-05-14 15:17:20.341326028-04:00
AAPL,127.37,6,127.35,1,2021-05-14 15:17:20.341590037-04:00
AAPL,127.37,6,127.36,1,2021-05-14 15:17:20.341767811-04:00
AAPL,127.37,6,127.35,1,2021-05-14 15:17:20.342504905-04:00
AAPL,127.37,6,127.36,1,2021-05-14 15:17:20.342996244-04:00
AAPL,127.37,6,127.36,2,2021-05-14 15:17:20.559745-04:00
AAPL,127.37,5,127.36,2,2021-05-14 15:17:20.559979737-04:00
AAPL,127.37,5,127.36,3,2021-05-14 15:17:20.571288003-04:00
AAPL,127.37,5,127.36,6,2021-05-14 15:17:20.571461872-04:00
AAPL,127.37,5,127.36,3,2021-05-14 15:17:20.572113943-04:00
AAPL,127.37,5,127.36,2,2021-05-14 15:17:20.572919957-04:00
AAPL,127.37,6,127.36,2,2021-05-14 15:17:20.939940908-04:00
AAPL,127.37,5,127.36,2,2021-05-14 15:17:20.996912322-04:00
AAPL,127.37,6,127.36,2,2021-05-14 15:17:21.114650278-04:00
AAPL,127.37,5,127.36,2,2021-05-14 15:17:21.221573158-04:00
AAPL,127.37,5,127.36,5,2021-05-14 15:17:21.245228102-04:00
AAPL,127.37,4,127.36,5,2021-05-14 15:17:21.245297415-04:00
AAPL,127.37,4,127.36,6,2021-05-14 15:17:21.245488365-04:00
AAPL,127.37,5,127.36,6,2021-05-14 15:17:21.251814168-04:00
AAPL,127.37,5,127.36,3,2021-05-14 15:17:21.251997476-04:00
AAPL,127.37,5,127.36,2,2021-05-14 15:17:21.252196458-04:00
AAPL,127.37,5,127.36,3,2021-05-14 15:17:21.990256832-04:00
AAPL,127.37,5,127.36,6,2021-05-14 15:17:21.990265545-04:00
AAPL,127.37,5,127.36,3,2021-05-14 15:17:22.066137358-04:00
AAPL,127.37,5,127.36,2,2021-05-14 15:17:22.127662359-04:00
AAPL,127.37,6,127.36,2,2021-05-14 15:17:22.293190570-04:00
AAPL,127.37,6,127.36,1,2021-05-14 15:17:22.293470020-04:00
AAPL,127.37,7,127.36,1,2021-05-14 15:17:22.293501297-04:00
AAPL,127.37,7,127.35,1,2021-05-14 15:17:22.294337081-04:00
AAPL,127.37,6,127.35,1,2021-05-14 15:17:22.394223799-04:00
AAPL,127.37,6,127.36,1,2021-05-14 15:17:22.394252063-04:00
AAPL,127.37,5,127.36,1,2021-05-14 15:17:22.394511785-04:00
AAPL,127.37,6,127.36,1,2021-05-14 15:17:22.395355663-04:00
AAPL,127.37,6,127.36,2,2021-05-14 15:17:22.396248382-04:00
AAPL,127.37,6,127.36,1,2021-05-14 15:17:22.405350860-04:00
AAPL,127.37,7,127.36,1,2021-05-14 15:17:22.405397677-04:00
AAPL,127.37,6,127.36,1,2021-05-14 15:17:22.405480604-04:00
AAPL,127.37,6,127.36,2,2021-05-14 15:17:22.405824997-04:00
AAPL,127.37,6,127.36,1,2021-05-14 15:17:22.405867483-04:00
AAPL,127.37,7,127.36,1,2021-05-14 15:17:22.516971329-04:00
AAPL,127.37,6,127.36,1,2021-05-14 15:17:22.556900231-04:00
AAPL,127.37,6,127.36,2,2021-05-14 15:17:22.556902125-04:00
AAPL,127.37,6,127.36,1,2021-05-14 15:17:22.579181497-04:00
AAPL,127.37,7,127.36,1,2021-05-14 15:17:22.579656739-04:00
AAPL,127.37,6,127.36,1,2021-05-14 15:17:22.622768067-04:00
AAPL,127.37,6,127.36,2,2021-05-14 15:17:22.622776346-04:00
AAPL,127.37,5,127.36,2,2021-05-14 15:17:22.627334567-04:00
AAPL,127.37,6,127.36,2,2021-05-14 15:17:22.632347474-04:00
AAPL,127.37,6,127.36,1,2021-05-14 15:17:22.784187999-04:00
AAPL,127.37,7,127.36,1,2021-05-14 15:17:22.784196403-04:00
AAPL,127.37,6,127.36,1,2021-05-14 15:17:23.184908101-04:00
AAPL,127.37,6,127.36,2,2021-05-14 15:17:23.184911796-04:00
AAPL,127.37,6,127.36,5,2021-05-14 15:17:23.185286815-04:00
AAPL,127.37,5,127.36,5,2021-05-14 15:17:23.185407862-04:00
AAPL,127.37,4,127.36,5,2021-05-14 15:17:23.185719715-04:00
AAPL,127.37,4,127.36,5,2021-05-14 15:17:23.186298102-04:00
AAPL,127.37,4,127.36,5,2021-05-14 15:17:23.189574019-04:00
AAPL,127.37,4,127.36,4,2021-05-14 15:17:23.189577384-04:00
AAPL,127.37,5,127.36,4,2021-05-14 15:17:23.189584402-04:00
AAPL,127.37,6,127.36,4,2021-05-14 15:17:23.189585859-04:00
AAPL,127.37,6,127.36,1,2021-05-14 15:17:23.189590321-04:00
AAPL,127.37,5,127.36,1,2021-05-14 15:17:23.189669461-04:00
AAPL,127.37,6,127.36,1,2021-05-14 15:17:23.189745217-04:00
AAPL,127.37,7,127.36,1,2021-05-14 15:17:23.201601031-04:00
AAPL,127.37,7,127.35,1,2021-05-14 15:17:23.213267675-04:00
AAPL,127.37,6,127.35,1,2021-05-14 15:17:23.402890071-04:00
AAPL,127.37,6,127.36,1,2021-05-14 15:17:23.403023558-04:00
AAPL,127.37,6,127.36,2,2021-05-14 15:17:23.403172848-04:00
AAPL,127.37,6,127.36,1,2021-05-14 15:17:23.416684083-04:00
AAPL,127.37,7,127.36,1,2021-05-14 15:17:23.416693365-04:00
AAPL,127.37,6,127.36,1,2021-05-14 15:17:23.427506978-04:00
AAPL,127.37,5,127.36,1,2021-05-14 15:17:23.649879020-04:00
AAPL,127.37,5,127.36,2,2021-05-14 15:17:23.649888431-04:00
AAPL,127.37,5,127.36,1,2021-05-14 15:17:23.719104131-04:00
AAPL,127.37,6,127.36,1,2021-05-14 15:17:23.719583906-04:00
AAPL,127.37,5,127.36,1,2021-05-14 15:17:23.726786252-04:00
AAPL,127.37,5,127.36,4,2021-05-14 15:17:23.726788425-04:00
AAPL,127.37,5,127.36,4,2021-05-14 15:17:23.726808268-04:00
AAPL,127.37,4,127.36,4,2021-05-14 15:17:23.726809250-04:00
AAPL,127.37,4,127.36,5,2021-05-14 15:17:23.726819078-04:00
AAPL,127.37,4,127.36,6,2021-05-14 15:17:23.726832562-04:00
AAPL,127.37,4,127.36,7,2021-05-14 15:17:23.726858400-04:00
AAPL,127.38,5,127.36,7,2021-05-14 15:17:23.726929935-04:00
AAPL,127.38,1,127.36,7,2021-05-14 15:17:23.727592297-04:00
AAPL,127.38,1,127.36,6,2021-05-14 15:17:23.727660010-04:00
AAPL,127.38,1,127.36,6,2021-05-14 15:17:23.727671884-04:00
AAPL,127.38,1,127.36,5,2021-05-14 15:17:23.727702522-04:00
AAPL,127.38,1,127.36,5,2021-05-14 15:17:23.727759377-04:00
AAPL,127.38,1,127.37,1,2021-05-14 15:17:23.728013164-04:00
AAPL,127.38,1,127.36,4,2021-05-14 15:17:23.729131057-04:00
AAPL,127.38,1,127.37,1,2021-05-14 15:17:23.730025092-04:00
AAPL,127.38,1,127.36,4,2021-05-14 15:17:23.730797974-04:00
AAPL,127.38,1,127.37,1,2021-05-14 15:17:23.731760112-04:00
AAPL,127.38,1,127.37,2,2021-05-14 15:17:23.731818411-04:00
AAPL,127.38,1,127.37,1,2021-05-14 15:17:23.731828824-04:00
AAPL,127.4,1,127.37,1,2021-05-14 15:17:23.740284801-04:00
AAPL,127.4,1,127.37,2,2021-05-14 15:17:23.740290581-04:00
AAPL,127.4,1,127.37,3,2021-05-14 15:17:23.740423906-04:00
AAPL,127.4,1,127.37,6,2021-05-14 15:17:23.741705762-04:00
AAPL,127.4,1,127.37,6,2021-05-14 15:17:23.741953178-04:00
AAPL,127.4,1,127.37,6,2021-05-14 15:17:23.743345345-04:00
AAPL,127.38,1,127.37,6,2021-05-14 15:17:23.743363648-04:00
AAPL,127.38,1,127.37,3,2021-05-14 15:17:23.745285858-04:00
AAPL,127.38,1,127.37,2,2021-05-14 15:17:23.745752363-04:00
AAPL,127.38,1,127.37,5,2021-05-14 15:17:23.747867167-04:00
AAPL,127.39,1,127.37,5,2021-05-14 15:17:23.755554593-04:00
AAPL,127.4,1,127.37,5,2021-05-14 15:17:23.755602719-04:00
AAPL,127.4,1,127.37,6,2021-05-14 15:17:23.755610686-04:00
AAPL,127.4,1,127.37,6,2021-05-14 15:17:23.755711316-04:00
AAPL,127.4,1,127.37,6,2021-05-14 15:17:23.757462963-04:00
AAPL,127.39,1,127.37,6,2021-05-14 15:17:23.757566841-04:00
AAPL,127.39,1,127.37,5,2021-05-14 15:17:23.757643252-04:00
AAPL,127.39,1,127.37,2,2021-05-14 15:17:23.757726604-04:00
AAPL,127.39,1,127.37,1,2021-05-14 15:17:23.758029770-04:00
AAPL,127.38,1,127.37,1,2021-05-14 15:17:23.758114594-04:00
AAPL,127.39,1,127.37,1,2021-05-14 15:17:23.774041224-04:00
AAPL,127.39,1,127.37,2,2021-05-14 15:17:23.785004306-04:00
AAPL,127.39,1,127.37,1,2021-05-14 15:17:23.790236205-04:00
AAPL,127.38,1,127.37,1,2021-05-14 15:17:23.790243843-04:00
AAPL,127.38,1,127.37,2,2021-05-14 15:17:23.871573355-04:00
AAPL,127.39,1,127.37,2,2021-05-14 15:17:24.006737231-04:00
AAPL,127.38,1,127.37,2,2021-05-14 15:17:24.013178392-04:00
AAPL,127.38,1,127.37,1,2021-05-14 15:17:24.013394548-04:00
AAPL,127.38,1,127.37,2,2021-05-14 15:17:24.174123937-04:00
AAPL,127.39,1,127.37,2,2021-05-14 15:17:24.174170263-04:00
AAPL,127.39,1,127.37,1,2021-05-14 15:17:24.193344790-04:00
AAPL,127.38,1,127.37,1,2021-05-14 15:17:24.193353557-04:00
AAPL,127.38,5,127.37,1,2021-05-14 15:17:24.279146523-04:00
AAPL,127.38,5,127.37,2,2021-05-14 15:17:24.407701801-04:00
AAPL,127.38,5,127.37,1,2021-05-14 15:17:24.738513276-04:00
AAPL,127.38,5,127.36,1,2021-05-14 15:17:24.796364838-04:00
AAPL,127.38,4,127.36,1,2021-05-14 15:17:25.006584955-04:00
AAPL,127.38,4,127.37,1,2021-05-14 15:17:25.006602948-04:00
AAPL,127.38,4,127.37,2,2021-05-14 15:17:25.006834566-04:00
AAPL,127.38,2,127.37,2,2021-05-14 15:17:25.011418886-04:00
AAPL,127.38,2,127.37,3,2021-05-14 15:17:25.011936849-04:00
AAPL,127.38,2,127.37,2,2021-05-14 15:17:25.015105521-04:00
AAPL,127.38,2,127.37,5,2021-05-14 15:17:25.031377722-04:00
AAPL,127.38,2,127.37,6,2021-05-14 15:17:25.036601641-04:00
AAPL,127.4,1,127.37,6,2021-05-14 15:17:25.037788166-04:00
AAPL,127.39,1,127.37,6,2021-05-14 15:17:25.038395765-04:00
AAPL,127.39,1,127.37,7,2021-05-14 15:17:25.038652622-04:00
AAPL,127.39,1,127.37,7,2021-05-14 15:17:25.038671305-04:00
AAPL,127.39,2,127.37,7,2021-05-14 15:17:25.038766042-04:00
AAPL,127.39,2,127.37,6,2021-05-14 15:17:25.040617454-04:00
AAPL,127.39,1,127.37,6,2021-05-14 15:17:25.111952181-04:00
AAPL,127.4,1,127.37,6,2021-05-14 15:17:25.111973038-04:00
AAPL,127.4,1,127.37,5,2021-05-14 15:17:25.214956871-04:00
AAPL,127.4,1,127.37,2,2021-05-14 15:17:25.215032026-04:00
AAPL,127.38,1,127.37,2,2021-05-14 15:17:25.215090103-04:00
AAPL,127.38,2,127.37,2,2021-05-14 15:17:25.215119587-04:00
AAPL,127.38,3,127.37,2,2021-05-14 15:17:25.343032382-04:00
AAPL,127.38,3,127.37,1,2021-05-14 15:17:25.343404502-04:00
AAPL,127.38,3,127.36,1,2021-05-14 15:17:25.343446964-04:00
AAPL,127.38,3,127.35,1,2021-05-14 15:17:25.345794581-04:00
AAPL,127.37,1,127.35,1,2021-05-14 15:17:25.346417487-04:00
AAPL,127.37,1,127.35,1,2021-05-14 15:17:25.346467956-04:00
AAPL,127.37,2,127.35,1,2021-05-14 15:17:25.346519893-04:00
AAPL,127.37,2,127.36,1,2021-05-14 15:17:25.346524995-04:00
AAPL,127.37,1,127.36,1,2021-05-14 15:17:25.346525459-04:00
AAPL,127.38,2,127.36,1,2021-05-14 15:17:25.349860477-04:00
AAPL,127.38,2,127.36,2,2021-05-14 15:17:25.350683879-04:00
AAPL,127.38,2,127.36,1,2021-05-14 15:17:25.365631846-04:00
AAPL,127.38,2,127.36,2,2021-05-14 15:17:25.376219076-04:00
AAPL,127.38,1,127.36,2,2021-05-14 15:17:25.396685395-04:00
AAPL,127.38,1,127.36,1,2021-05-14 15:17:25.429276855-04:00
AAPL,127.38,1,127.36,2,2021-05-14 15:17:25.445556117-04:00
AAPL,127.38,1,127.36,5,2021-05-14 15:17:25.445586089-04:00
AAPL,127.37,4,127.36,5,2021-05-14 15:17:25.445949659-04:00
AAPL,127.37,4,127.36,2,2021-05-14 15:17:25.471400633-04:00
AAPL,127.37,4,127.36,1,2021-05-14 15:17:25.471854472-04:00
AAPL,127.37,4,127.35,1,2021-05-14 15:17:25.548640520-04:00
AAPL,127.37,5,127.35,1,2021-05-14 15:17:25.548649110-04:00
AAPL,127.37,5,127.36,1,2021-05-14 15:17:25.549586919-04:00
AAPL,127.37,5,127.36,2,2021-05-14 15:17:25.602525729-04:00
AAPL,127.37,5,127.36,1,2021-05-14 15:17:25.647459030-04:00
AAPL,127.37,5,127.35,1,2021-05-14 15:17:25.648347656-04:00
AAPL,127.37,5,127.27,2,2021-05-14 15:17:25.690481900-04:00
AAPL,127.37,5,127.27,2,2021-05-14 15:17:25.690849442-04:00
AAPL,127.37,1,127.27,2,2021-05-14 15:17:25.690973740-04:00
AAPL,127.37,1,127.35,1,2021-05-14 15:17:25.691042888-04:00
AAPL,127.37,1,127.35,2,2021-05-14 15:17:25.691089318-04:00
AAPL,127.37,1,127.35,3,2021-05-14 15:17:25.691098978-04:00
AAPL,127.37,1,127.35,3,2021-05-14 15:17:25.691380263-04:00
AAPL,127.36,1,127.35,3,2021-05-14 15:17:25.709950167-04:00
AAPL,127.36,2,127.35,3,2021-05-14 15:17:25.709975712-04:00
AAPL,127.36,2,127.35,2,2021-05-14 15:17:25.845176157-04:00
AAPL,127.36,6,127.35,2,2021-05-14 15:17:25.880957953-04:00
AAPL,127.36,6,127.35,1,2021-05-14 15:17:25.901599594-04:00
AAPL,127.36,6,127.35,2,2021-05-14 15:17:25.904763966-04:00
AAPL,127.36,7,127.35,2,2021-05-14 15:17:26.071290654-04:00
AAPL,127.36,7,127.35,1,2021-05-14 15:17:26.071291042-04:00
AAPL,127.36,7,127.35,2,2021-05-14 15:17:26.079639169-04:00
AAPL,127.36,6,127.35,2,2021-05-14 15:17:26.080099084-04:00
AAPL,127.36,6,127.35,3,2021-05-14 15:17:26.127022370-04:00
AAPL,127.37,7,127.35,3,2021-05-14 15:17:26.128901142-04:00
AAPL,127.37,6,127.35,3,2021-05-14 15:17:26.129552719-04:00
AAPL,127.37,5,127.35,3,2021-05-14 15:17:26.129571726-04:00
AAPL,127.37,1,127.35,3,2021-05-14 15:17:26.129602754-04:00
AAPL,127.37,1,127.35,6,2021-05-14 15:17:26.141371639-04:00
AAPL,127.37,1,127.35,7,2021-05-14 15:17:26.142135385-04:00
AAPL,127.37,1,127.35,6,2021-05-14 15:17:26.142184652-04:00
AAPL,127.37,1,127.35,3,2021-05-14 15:17:26.142898578-04:00
AAPL,127.37,1,127.35,2,2021-05-14 15:17:26.143157821-04:00
AAPL,127.36,1,127.35,2,2021-05-14 15:17:26.243083936-04:00
AAPL,127.36,2,127.35,2,2021-05-14 15:17:26.243123428-04:00
AAPL,127.37,3,127.35,2,2021-05-14 15:17:26.368003227-04:00
AAPL,127.37,3,127.35,3,2021-05-14 15:17:26.368264389-04:00
AAPL,127.37,3,127.35,6,2021-05-14 15:17:26.368266777-04:00
AAPL,127.37,3,127.35,7,2021-05-14 15:17:26.368364060-04:00
AAPL,127.37,2,127.35,7,2021-05-14 15:17:26.368543798-04:00
AAPL,127.37,1,127.35,7,2021-05-14 15:17:26.368564614-04:00
AAPL,127.37,1,127.35,7,2021-05-14 15:17:26.368704410-04:00
AAPL,127.37,1,127.35,7,2021-05-14 15:17:26.378828656-04:00
AAPL,127.37,1,127.35,6,2021-05-14 15:17:26.380443792-04:00
AAPL,127.37,1,127.35,7,2021-05-14 15:17:26.380940441-04:00
AAPL,127.37,1,127.35,6,2021-05-14 15:17:26.394824864-04:00
AAPL,127.37,1,127.35,6,2021-05-14 15:17:26.520577976-04:00
AAPL,127.37,1,127.35,7,2021-05-14 15:17:26.520631923-04:00
AAPL,127.37,1,127.35,6,2021-05-14 15:17:26.529319834-04:00
AAPL,127.37,1,127.35,5,2021-05-14 15:17:26.529341794-04:00
AAPL,127.37,1,127.36,1,2021-05-14 15:17:26.529385225-04:00
AAPL,127.38,1,127.36,1,2021-05-14 15:17:26.529477611-04:00
AAPL,127.38,1,127.36,2,2021-05-14 15:17:26.529485903-04:00
AAPL,127.38,1,127.36,1,2021-05-14 15:17:26.529503459-04:00
AAPL,127.37,1,127.36,1,2021-05-14 15:17:26.529549429-04:00
AAPL,127.37,1,127.36,1,2021-05-14 15:17:26.530037782-04:00
AAPL,127.37,2,127.36,1,2021-05-14 15:17:27.071709988-04:00
AAPL,127.37,3,127.36,1,2021-05-14 15:17:27.071725160-04:00
AAPL,127.37,3,127.35,5,2021-05-14 15:17:27.130920693-04:00
AAPL,127.37,3,127.36,1,2021-05-14 15:17:27.132763445-04:00
AAPL,127.37,3,127.35,5,2021-05-14 15:17:27.142436956-04:00
AAPL,127.37,4,127.35,5,2021-05-14 15:17:27.142779718-04:00
AAPL,127.37,4,127.36,1,2021-05-14 15:17:27.196666158-04:00
AAPL,127.37,4,127.36,2,2021-05-14 15:17:27.197616512-04:00
AAPL,127.37,4,127.36,1,2021-05-14 15:17:27.197686881-04:00
AAPL,127.37,3,127.36,1,2021-05-14 15:17:27.197689150-04:00
AAPL,127.37,3,127.36,2,2021-05-14 15:17:27.210939335-04:00
AAPL,127.37,3,127.36,1,2021-05-14 15:17:27.210969113-04:00
AAPL,127.37,3,127.36,2,2021-05-14 15:17:27.479676541-04:00
AAPL,127.37,2,127.36,2,2021-05-14 15:17:27.479760633-04:00
AAPL,127.37,2,127.36,1,2021-05-14 15:17:27.486330812-04:00
AAPL,127.37,3,127.36,1,2021-05-14 15:17:27.486340700-04:00
AAPL,127.37,3,127.35,5,2021-05-14 15:17:27.568898467-04:00
AAPL,127.37,3,127.36,1,2021-05-14 15:17:27.696590435-04:00
AAPL,127.37,3,127.36,2,2021-05-14 15:17:27.697504678-04:00
AAPL,127.37,3,127.36,1,2021-05-14 15:17:27.706547496-04:00
AAPL,127.37,3,127.35,5,2021-05-14 15:17:27.885281246-04:00
AAPL,127.37,3,127.36,1,2021-05-14 15:17:28.159589340-04:00
AAPL,127.37,3,127.36,2,2021-05-14 15:17:28.164001345-04:00
AAPL,127.37,2,127.36,2,2021-05-14 15:17:28.164277542-04:00
AAPL,127.37,2,127.36,1,2021-05-14 15:17:28.174780112-04:00
AAPL,127.37,3,127.36,1,2021-05-14 15:17:28.175325503-04:00
AAPL,127.37,3,127.35,5,2021-05-14 15:17:28.295568415-04:00
AAPL,127.37,4,127.35,5,2021-05-14 15:17:28.318411320-04:00
AAPL,127.37,4,127.35,2,2021-05-14 15:17:28.595943529-04:00
AAPL,127.37,4,127.35,1,2021-05-14 15:17:28.618399870-04:00
AAPL,127.37,3,127.35,1,2021-05-14 15:17:29.628535974-04:00
AAPL,127.37,4,127.35,1,2021-05-14 15:17:29.778569948-04:00
AAPL,127.37,3,127.35,1,2021-05-14 15:17:30.016979397-04:00
AAPL,127.37,3,127.36,1,2021-05-14 15:17:30.194096715-04:00
AAPL,127.37,2,127.36,1,2021-05-14 15:17:30.194119862-04:00
AAPL,127.37,2,127.36,2,2021-05-14 15:17:30.194122192-04:00
AAPL,127.37,2,127.36,1,2021-05-14 15:17:30.194135576-04:00
AAPL,127.37,2,127.36,2,2021-05-14 15:17:30.194144072-04:00
AAPL,127.37,2,127.36,3,2021-05-14 15:17:30.194272199-04:00
AAPL,127.37,2,127.36,2,2021-05-14 15:17:30.197985301-04:00
AAPL,127.37,2,127.36,1,2021-05-14 15:17:30.224768808-04:00
AAPL,127.37,3,127.36,1,2021-05-14 15:17:30.224819795-04:00
AAPL,127.37,3,127.36,2,2021-05-14 15:17:30.352082642-04:00
AAPL,127.37,2,127.36,2,2021-05-14 15:17:30.361105366-04:00
AAPL,127.37,3,127.36,2,2021-05-14 15:17:30.376356289-04:00
AAPL,127.37,3,127.36,1,2021-05-14 15:17:30.378885558-04:00
AAPL,127.37,3,127.36,2,2021-05-14 15:17:30.592870712-04:00
AAPL,127.37,2,127.36,2,2021-05-14 15:17:30.605922875-04:00
AAPL,127.37,2,127.36,1,2021-05-14 15:17:30.631998365-04:00
AAPL,127.37,3,127.36,1,2021-05-14 15:17:30.632005577-04:00
AAPL,127.37,3,127.36,2,2021-05-14 15:17:30.647994596-04:00
AAPL,127.37,3,127.36,1,2021-05-14 15:17:30.650370417-04:00
AAPL,127.37,3,127.36,2,2021-05-14 15:17:30.688116761-04:00
AAPL,127.37,3,127.36,1,2021-05-14 15:17:30.695527165-04:00
AAPL,127.37,3,127.36,2,2021-05-14 15:17:30.760427455-04:00
AAPL,127.37,2,127.36,2,2021-05-14 15:17:30.761139225-04:00
AAPL,127.37,3,127.36,2,2021-05-14 15:17:30.763633929-04:00
AAPL,127.37,3,127.36,1,2021-05-14 15:17:30.769265625-04:00
AAPL,127.37,3,127.36,2,2021-05-14 15:17:30.786721127-04:00
AAPL,127.37,2,127.36,2,2021-05-14 15:17:30.786949428-04:00
AAPL,127.37,3,127.36,2,2021-05-14 15:17:30.795612989-04:00
AAPL,127.37,3,127.36,1,2021-05-14 15:17:30.795615588-04:00
AAPL,127.37,3,127.36,2,2021-05-14 15:17:30.826461744-04:00
AAPL,127.37,3,127.36,1,2021-05-14 15:17:30.883333198-04:00
AAPL,127.37,3,127.36,2,2021-05-14 15:17:30.943619299-04:00
AAPL,127.37,2,127.36,2,2021-05-14 15:17:30.943770302-04:00
AAPL,127.37,3,127.36,2,2021-05-14 15:17:31.093706392-04:00
AAPL,127.37,3,127.36,1,2021-05-14 15:17:31.094040964-04:00
AAPL,127.37,3,127.36,1,2021-05-14 15:17:31.094489960-04:00
AAPL,127.37,3,127.35,1,2021-05-14 15:17:31.094525827-04:00
AAPL,127.37,4,127.35,1,2021-05-14 15:17:31.094751343-04:00
AAPL,127.37,3,127.35,1,2021-05-14 15:17:31.102608434-04:00
AAPL,127.37,3,127.36,1,2021-05-14 15:17:31.103114585-04:00
AAPL,127.37,3,127.36,2,2021-05-14 15:17:31.103805422-04:00
AAPL,127.37,3,127.36,1,2021-05-14 15:17:31.117779686-04:00
AAPL,127.37,3,127.35,1,2021-05-14 15:17:31.147761332-04:00
AAPL,127.37,3,127.36,1,2021-05-14 15:17:31.319172480-04:00
AAPL,127.37,3,127.35,1,2021-05-14 15:17:31.353706887-04:00
AAPL,127.37,3,127.36,1,2021-05-14 15:17:31.405236945-04:00
AAPL,127.37,3,127.36,2,2021-05-14 15:17:31.405440337-04:00
AAPL,127.37,3,127.36,1,2021-05-14 15:17:31.406547412-04:00
AAPL,127.37,3,127.36,2,2021-05-14 15:17:31.535960838-04:00
AAPL,127.37,3,127.36,1,2021-05-14 15:17:31.547459973-04:00
AAPL,127.37,3,127.36,2,2021-05-14 15:17:31.614530717-04:00
AAPL,127.37,3,127.36,2,2021-05-14 15:17:31.819370833-04:00
AAPL,127.37,2,127.36,2,2021-05-14 15:17:31.836490522-04:00
AAPL,127.37,3,127.36,2,2021-05-14 15:17:31.851089704-04:00
AAPL,127.37,3,127.36,1,2021-05-14 15:17:31.851169290-04:00
AAPL,127.37,3,127.35,1,2021-05-14 15:17:31.936340702-04:00
AAPL,127.37,3,127.36,1,2021-05-14 15:17:31.939313301-04:00
AAPL,127.37,3,127.36,2,2021-05-14 15:17:31.943780702-04:00
AAPL,127.37,3,127.36,1,2021-05-14 15:17:31.944231390-04:00
AAPL,127.37,3,127.35,1,2021-05-14 15:17:32.237948633-04:00
AAPL,127.37,4,127.35,1,2021-05-14 15:17:32.437476581-04:00
AAPL,127.37,4,127.36,1,2021-05-14 15:17:32.809553146-04:00
AAPL,127.37,4,127.35,1,2021-05-14 15:17:32.821552561-04:00
AAPL,127.37,4,127.36,1,2021-05-14 15:17:32.896071773-04:00
AAPL,127.37,3,127.36,1,2021-05-14 15:17:32.896113640-04:00
AAPL,127.37,2,127.36,1,2021-05-14 15:17:32.896628989-04:00
AAPL,127.37,2,127.35,1,2021-05-14 15:17:32.917092241-04:00
AAPL,127.37,2,127.36,1,2021-05-14 15:17:32.918088291-04:00
AAPL,127.37,3,127.36,1,2021-05-14 15:17:32.928224007-04:00
AAPL,127.37,3,127.35,1,2021-05-14 15:17:33.027113200-04:00
AAPL,127.37,3,127.36,1,2021-05-14 15:17:33.295500849-04:00
AAPL,127.37,3,127.36,2,2021-05-14 15:17:33.295611227-04:00
AAPL,127.37,2,127.36,2,2021-05-14 15:17:33.297331421-04:00
AAPL,127.37,2,127.36,1,2021-05-14 15:17:33.300076845-04:00
AAPL,127.37,3,127.36,1,2021-05-14 15:17:33.300083967-04:00
AAPL,127.37,3,127.36,2,2021-05-14 15:17:33.523133420-04:00
AAPL,127.37,2,127.36,2,2021-05-14 15:17:33.523314113-04:00
AAPL,127.37,3,127.36,2,2021-05-14 15:17:33.610170599-04:00
AAPL,127.37,3,127.36,1,2021-05-14 15:17:33.614536312-04:00
AAPL,127.37,3,127.36,2,2021-05-14 15:17:33.760860630-04:00
AAPL,127.37,2,127.36,2,2021-05-14 15:17:33.760941176-04:00
AAPL,127.37,3,127.36,2,2021-05-14 15:17:33.761146838-04:00
AAPL,127.37,2,127.36,2,2021-05-14 15:17:33.761368357-04:00
AAPL,127.37,2,127.36,3,2021-05-14 15:17:33.769143644-04:00
AAPL,127.37,2,127.36,2,2021-05-14 15:17:33.874152554-04:00
AAPL,127.37,3,127.36,2,2021-05-14 15:17:33.897793585-04:00
AAPL,127.37,3,127.36,1,2021-05-14 15:17:33.897815468-04:00
AAPL,127.37,3,127.36,2,2021-05-14 15:17:34.315239480-04:00
AAPL,127.37,2,127.36,2,2021-05-14 15:17:34.418534259-04:00
AAPL,127.37,3,127.36,2,2021-05-14 15:17:34.447014978-04:00
AAPL,127.37,3,127.36,1,2021-05-14 15:17:34.447038734-04:00
AAPL,127.37,4,127.36,1,2021-05-14 15:17:34.456104400-04:00
AAPL,127.37,4,127.36,2,2021-05-14 15:17:34.456442798-04:00
AAPL,127.37,4,127.36,1,2021-05-14 15:17:34.463164295-04:00
AAPL,127.37,4,127.35,1,2021-05-14 15:17:34.465102814-04:00
AAPL,127.37,4,127.36,1,2021-05-14 15:17:34.466166666-04:00
AAPL,127.37,3,127.36,1,2021-05-14 15:17:34.467642711-04:00
AAPL,127.37,4,127.36,1,2021-05-14 15:17:34.476429522-04:00
AAPL,127.37,4,127.36,2,2021-05-14 15:17:34.800916607-04:00
AAPL,127.37,3,127.36,2,2021-05-14 15:17:34.954946768-04:00
AAPL,127.37,3,127.36,1,2021-05-14 15:17:35.138064304-04:00
AAPL,127.37,4,127.36,1,2021-05-14 15:17:35.138076245-04:00
AAPL,127.37,4,127.35,1,2021-05-14 15:17:35.234316824-04:00
AAPL,127.37,4,127.36,1,2021-05-14 15:17:35.328750980-04:00
AAPL,127.37,3,127.36,1,2021-05-14 15:17:35.330490798-04:00
AAPL,127.37,3,127.36,2,2021-05-14 15:17:35.330507077-04:00
AAPL,127.37,2,127.36,2,2021-05-14 15:17:35.330733190-04:00
AAPL,127.37,2,127.36,3,2021-05-14 15:17:35.330971462-04:00
AAPL,127.37,2,127.36,2,2021-05-14 15:17:35.395040638-04:00
AAPL,127.37,3,127.36,2,2021-05-14 15:17:35.395239331-04:00
AAPL,127.37,3,127.36,1,2021-05-14 15:17:35.395419325-04:00
AAPL,127.37,3,127.36,2,2021-05-14 15:17:35.496307691-04:00
AAPL,127.37,3,127.36,1,2021-05-14 15:17:35.609146140-04:00
AAPL,127.37,3,127.35,1,2021-05-14 15:17:35.609424621-04:00
AAPL,127.37,4,127.35,1,2021-05-14 15:17:35.609528021-04:00
AAPL,127.37,4,127.36,1,2021-05-14 15:17:35.697312798-04:00
AAPL,127.37,3,127.36,1,2021-05-14 15:17:35.697591563-04:00
AAPL,127.37,3,127.35,1,2021-05-14 15:17:35.697784901-04:00
AAPL,127.37,3,127.36,1,2021-05-14 15:17:35.698252082-04:00
AAPL,127.37,2,127.36,1,2021-05-14 15:17:35.806124-04:00
AAPL,127.37,2,127.36,2,2021-05-14 15:17:35.806226803-04:00
AAPL,127.37,2,127.36,1,2021-05-14 15:17:35.880906341-04:00
AAPL,127.37,3,127.36,1,2021-05-14 15:17:35.881170360-04:00
AAPL,127.37,3,127.35,1,2021-05-14 15:17:35.892958427-04:00
AAPL,127.37,3,127.36,1,2021-05-14 15:17:36.130866921-04:00
AAPL,127.37,4,127.36,1,2021-05-14 15:17:36.611180101-04:00
AAPL,127.37,3,127.36,1,2021-05-14 15:17:36.649286993-04:00
AAPL,127.37,3,127.36,2,2021-05-14 15:17:36.649714149-04:00
AAPL,127.37,3,127.36,1,2021-05-14 15:17:36.666384286-04:00
AAPL,127.37,4,127.36,1,2021-05-14 15:17:36.666394550-04:00
AAPL,127.37,3,127.36,1,2021-05-14 15:17:36.666532222-04:00
AAPL,127.37,4,127.36,1,2021-05-14 15:17:36.667265176-04:00
AAPL,127.37,4,127.36,2,2021-05-14 15:17:36.820860190-04:00
AAPL,127.37,3,127.36,2,2021-05-14 15:17:37.005268623-04:00
AAPL,127.37,3,127.36,3,2021-05-14 15:17:37.005297181-04:00
AAPL,127.37,2,127.36,3,2021-05-14 15:17:37.013499002-04:00
AAPL,127.37,2,127.36,2,2021-05-14 15:17:37.263597598-04:00
AAPL,127.37,3,127.36,2,2021-05-14 15:17:37.263602322-04:00
AAPL,127.37,3,127.36,1,2021-05-14 15:17:37.295497062-04:00
AAPL,127.37,3,127.35,1,2021-05-14 15:17:37.395920714-04:00
AAPL,127.37,4,127.35,1,2021-05-14 15:17:37.613076292-04:00
AAPL,127.37,4,127.36,1,2021-05-14 15:17:37.828222286-04:00
AAPL,127.37,3,127.36,1,2021-05-14 15:17:38.193885011-04:00
AAPL,127.37,3,127.36,2,2021-05-14 15:17:38.193885449-04:00
AAPL,127.37,2,127.36,2,2021-05-14 15:17:38.221339757-04:00
AAPL,127.37,2,127.36,1,2021-05-14 15:17:38.222072086-04:00
AAPL,127.37,3,127.36,1,2021-05-14 15:17:38.222650035-04:00
AAPL,127.37,2,127.36,1,2021-05-14 15:17:38.399259256-04:00
AAPL,127.37,2,127.36,2,2021-05-14 15:17:38.399264280-04:00
AAPL,127.37,2,127.36,1,2021-05-14 15:17:38.403536807-04:00
AAPL,127.37,3,127.36,1,2021-05-14 15:17:38.604443680-04:00
AAPL,127.37,2,127.36,1,2021-05-14 15:17:38.644645741-04:00
AAPL,127.37,2,127.36,2,2021-05-14 15:17:38.644654057-04:00
AAPL,127.37,2,127.36,3,2021-05-14 15:17:38.644717453-04:00
AAPL,127.37,2,127.36,2,2021-05-14 15:17:38.675661600-04:00
AAPL,127.37,3,127.36,2,2021-05-14 15:17:38.684426363-04:00
AAPL,127.37,3,127.36,1,2021-05-14 15:17:38.684968892-04:00
AAPL,127.37,2,127.36,1,2021-05-14 15:17:38.896467560-04:00
AAPL,127.37,2,127.36,2,2021-05-14 15:17:38.896469915-04:00
AAPL,127.37,2,127.36,3,2021-05-14 15:17:38.913785571-04:00
AAPL,127.37,2,127.36,2,2021-05-14 15:17:38.922461211-04:00
AAPL,127.37,2,127.36,1,2021-05-14 15:17:38.923015131-04:00
AAPL,127.37,3,127.36,1,2021-05-14 15:17:38.923122317-04:00
AAPL,127.37,3,127.36,2,2021-05-14 15:17:38.923495558-04:00
AAPL,127.37,2,127.36,2,2021-05-14 15:17:38.924254747-04:00
AAPL,127.37,2,127.36,1,2021-05-14 15:17:38.928155231-04:00
AAPL,127.37,3,127.36,1,2021-05-14 15:17:38.928532997-04:00
AAPL,127.37,4,127.36,1,2021-05-14 15:17:38.930464652-04:00
AAPL,127.37,4,127.35,1,2021-05-14 15:17:38.939251370-04:00
AAPL,127.37,3,127.35,1,2021-05-14 15:17:39.552909195-04:00
AAPL,127.37,4,127.35,1,2021-05-14 15:17:39.552989606-04:00
AAPL,127.37,4,127.36,1,2021-05-14 15:17:39.560459941-04:00
AAPL,127.37,3,127.36,1,2021-05-14 15:17:39.560817100-04:00
AAPL,127.37,3,127.36,2,2021-05-14 15:17:39.560890030-04:00
AAPL,127.37,4,127.36,2,2021-05-14 15:17:39.630421251-04:00
AAPL,127.37,4,127.36,1,2021-05-14 15:17:39.699708734-04:00
AAPL,127.37,4,127.35,1,2021-05-14 15:17:39.708483570-04:00
AAPL,127.37,3,127.35,1,2021-05-14 15:17:39.825305796-04:00
AAPL,127.37,4,127.35,1,2021-05-14 15:17:39.832050045-04:00
AAPL,127.37,3,127.35,1,2021-05-14 15:17:40.087693551-04:00
AAPL,127.37,4,127.35,1,2021-05-14 15:17:40.129654396-04:00
AAPL,127.37,4,127.36,1,2021-05-14 15:17:40.427853878-04:00
AAPL,127.37,4,127.36,2,2021-05-14 15:17:40.568445043-04:00
AAPL,127.37,4,127.36,1,2021-05-14 15:17:40.629171081-04:00
AAPL,127.37,4,127.35,1,2021-05-14 15:17:40.630630250-04:00
AAPL,127.37,3,127.35,1,2021-05-14 15:17:40.760650510-04:00
AAPL,127.37,3,127.36,1,2021-05-14 15:17:40.760790783-04:00
AAPL,127.37,2,127.36,1,2021-05-14 15:17:40.760866114-04:00
AAPL,127.37,2,127.35,1,2021-05-14 15:17:40.788155462-04:00
AAPL,127.37,3,127.35,1,2021-05-14 15:17:40.879800526-04:00
AAPL,127.37,4,127.35,1,2021-05-14 15:17:40.887890288-04:00
AAPL,127.37,4,127.36,1,2021-05-14 15:17:41.162502761-04:00
AAPL,127.37,4,127.35,1,2021-05-14 15:17:41.192080924-04:00
AAPL,127.37,3,127.35,1,2021-05-14 15:17:41.237705219-04:00
AAPL,127.37,3,127.36,1,2021-05-14 15:17:41.695836980-04:00
AAPL,127.37,3,127.35,1,2021-05-14 15:17:41.749936670-04:00
AAPL,127.37,4,127.35,1,2021-05-14 15:17:41.913899916-04:00
AAPL,127.37,3,127.35,1,2021-05-14 15:17:42.604519647-04:00
AAPL,127.37,3,127.36,1,2021-05-14 15:17:42.699214519-04:00
AAPL,127.37,4,127.36,1,2021-05-14 15:17:42.913976269-04:00
AAPL,127.37,4,127.36,1,2021-05-14 15:17:42.921509499-04:00
AAPL,127.37,5,127.36,1,2021-05-14 15:17:42.921797712-04:00
AAPL,127.37,4,127.36,1,2021-05-14 15:17:42.921808030-04:00
AAPL,127.37,4,127.36,2,2021-05-14 15:17:42.921810313-04:00
AAPL,127.37,3,127.36,2,2021-05-14 15:17:42.921813249-04:00
AAPL,127.37,4,127.36,2,2021-05-14 15:17:42.943178256-04:00
AAPL,127.37,4,127.36,1,2021-05-14 15:17:42.943193128-04:00
AAPL,127.37,5,127.36,1,2021-05-14 15:17:43.132909130-04:00
AAPL,127.37,5,127.35,1,2021-05-14 15:17:43.144863226-04:00
AAPL,127.37,4,127.35,1,2021-05-14 15:17:43.788675710-04:00
AAPL,127.37,4,127.36,1,2021-05-14 15:17:43.788680336-04:00
AAPL,127.37,4,127.36,2,2021-05-14 15:17:43.788697433-04:00
AAPL,127.37,3,127.36,2,2021-05-14 15:17:43.789157109-04:00
AAPL,127.37,4,127.36,2,2021-05-14 15:17:43.800648727-04:00
AAPL,127.37,4,127.36,1,2021-05-14 15:17:43.801122548-04:00
AAPL,127.37,3,127.36,1,2021-05-14 15:17:43.886942537-04:00
AAPL,127.37,3,127.36,2,2021-05-14 15:17:43.886958781-04:00
AAPL,127.37,3,127.36,1,2021-05-14 15:17:44.109411880-04:00
AAPL,127.37,4,127.36,1,2021-05-14 15:17:44.109422871-04:00
AAPL,127.37,5,127.36,1,2021-05-14 15:17:44.109688799-04:00
AAPL,127.37,5,127.36,2,2021-05-14 15:17:44.290088580-04:00
AAPL,127.37,4,127.36,2,2021-05-14 15:17:44.290568514-04:00
AAPL,127.37,3,127.36,2,2021-05-14 15:17:44.300673589-04:00
AAPL,127.37,4,127.36,2,2021-05-14 15:17:44.388313756-04:00
AAPL,127.37,4,127.36,1,2021-05-14 15:17:44.388381224-04:00
AAPL,127.37,4,127.35,1,2021-05-14 15:17:44.388384471-04:00
AAPL,127.37,5,127.35,1,2021-05-14 15:17:44.388394399-04:00
AAPL,127.37,4,127.35,1,2021-05-14 15:17:44.539728584-04:00
AAPL,127.37,4,127.36,1,2021-05-14 15:17:44.539855842-04:00
AAPL,127.37,4,127.36,2,2021-05-14 15:17:44.540316820-04:00
AAPL,127.37,3,127.36,2,2021-05-14 15:17:44.540476810-04:00
AAPL,127.37,3,127.36,1,2021-05-14 15:17:44.549188954-04:00
AAPL,127.37,4,127.36,1,2021-05-14 15:17:44.549197678-04:00
AAPL,127.37,4,127.35,1,2021-05-14 15:17:44.841423285-04:00
AAPL,127.37,5,127.35,1,2021-05-14 15:17:44.841924162-04:00
AAPL,127.37,5,127.36,1,2021-05-14 15:17:45.152270689-04:00
AAPL,127.37,4,127.36,1,2021-05-14 15:17:45.152781933-04:00
AAPL,127.37,4,127.36,2,2021-05-14 15:17:45.153520898-04:00
AAPL,127.37,4,127.36,1,2021-05-14 15:17:45.216099695-04:00
AAPL,127.37,5,127.36,1,2021-05-14 15:17:45.216103251-04:00
AAPL,127.37,5,127.35,1,2021-05-14 15:17:45.234440173-04:00
AAPL,127.37,4,127.35,1,2021-05-14 15:17:45.774842159-04:00
AAPL,127.37,5,127.35,1,2021-05-14 15:17:45.907090184-04:00
AAPL,127.37,5,127.36,1,2021-05-14 15:17:46.649869473-04:00
AAPL,127.37,4,127.36,1,2021-05-14 15:17:46.650253165-04:00
AAPL,127.37,4,127.36,2,2021-05-14 15:17:46.650261112-04:00
AAPL,127.37,3,127.36,2,2021-05-14 15:17:46.650279635-04:00
AAPL,127.37,2,127.36,2,2021-05-14 15:17:46.650393482-04:00
AAPL,127.37,2,127.36,3,2021-05-14 15:17:46.651096273-04:00
AAPL,127.37,2,127.36,2,2021-05-14 15:17:46.654400066-04:00
AAPL,127.37,3,127.36,2,2021-05-14 15:17:46.654404091-04:00
AAPL,127.37,3,127.36,1,2021-05-14 15:17:46.654440875-04:00
AAPL,127.37,4,127.36,1,2021-05-14 15:17:46.661160935-04:00
AAPL,127.37,3,127.36,1,2021-05-14 15:17:46.689287909-04:00
AAPL,127.37,2,127.36,1,2021-05-14 15:17:46.690671382-04:00
AAPL,127.37,2,127.36,2,2021-05-14 15:17:46.690685628-04:00
AAPL,127.37,2,127.36,3,2021-05-14 15:17:46.691195266-04:00
AAPL,127.37,3,127.36,3,2021-05-14 15:17:46.703060168-04:00
AAPL,127.37,3,127.36,2,2021-05-14 15:17:46.704886780-04:00
AAPL,127.37,2,127.36,2,2021-05-14 15:17:46.705213562-04:00
AAPL,127.37,2,127.36,3,2021-05-14 15:17:46.705367367-04:00
AAPL,127.37,3,127.36,3,2021-05-14 15:17:46.744722115-04:00
AAPL,127.37,2,127.36,3,2021-05-14 15:17:46.766993172-04:00
AAPL,127.37,2,127.36,2,2021-05-14 15:17:46.796497405-04:00
AAPL,127.37,3,127.36,2,2021-05-14 15:17:46.797182094-04:00
AAPL,127.37,3,127.36,1,2021-05-14 15:17:46.799011065-04:00
AAPL,127.37,2,127.36,1,2021-05-14 15:17:46.829735095-04:00
AAPL,127.37,2,127.36,2,2021-05-14 15:17:46.829751141-04:00
AAPL,127.37,3,127.36,2,2021-05-14 15:17:47.196295664-04:00
AAPL,127.37,4,127.36,2,2021-05-14 15:17:47.196764811-04:00
AAPL,127.37,4,127.36,1,2021-05-14 15:17:47.196858105-04:00
AAPL,127.37,5,127.36,1,2021-05-14 15:17:47.196863391-04:00
AAPL,127.37,5,127.35,1,2021-05-14 15:17:47.197671135-04:00
AAPL,127.37,5,127.36,1,2021-05-14 15:17:48.110475044-04:00
AAPL,127.37,4,127.36,1,2021-05-14 15:17:48.110634859-04:00
AAPL,127.37,4,127.36,2,2021-05-14 15:17:48.111715992-04:00
AAPL,127.37,3,127.36,2,2021-05-14 15:17:48.121151490-04:00
AAPL,127.37,3,127.36,1,2021-05-14 15:17:48.218952960-04:00
AAPL,127.37,4,127.36,1,2021-05-14 15:17:48.219050116-04:00
AAPL,127.37,4,127.36,2,2021-05-14 15:17:48.621225826-04:00
AAPL,127.37,3,127.36,2,2021-05-14 15:17:48.621231899-04:00
AAPL,127.37,2,127.36,2,2021-05-14 15:17:48.621441223-04:00
AAPL,127.37,2,127.36,3,2021-05-14 15:17:48.630252320-04:00
AAPL,127.37,2,127.36,6,2021-05-14 15:17:48.756886710-04:00
AAPL,127.37,2,127.36,6,2021-05-14 15:17:48.757342544-04:00
AAPL,127.37,2,127.36,5,2021-05-14 15:17:49.028205723-04:00
AAPL,127.37,2,127.36,4,2021-05-14 15:17:49.028214791-04:00
AAPL,127.37,2,127.36,1,2021-05-14 15:17:49.028222518-04:00
AAPL,127.37,3,127.36,1,2021-05-14 15:17:49.028238367-04:00
AAPL,127.37,4,127.36,1,2021-05-14 15:17:49.028244389-04:00
AAPL,127.37,5,127.36,1,2021-05-14 15:17:49.028452717-04:00
AAPL,127.37,4,127.36,1,2021-05-14 15:17:49.028740212-04:00
AAPL,127.37,4,127.36,2,2021-05-14 15:17:49.028801513-04:00
AAPL,127.37,4,127.36,1,2021-05-14 15:17:49.028866130-04:00
AAPL,127.37,4,127.35,2,2021-05-14 15:17:49.029163160-04:00
AAPL,127.37,4,127.35,1,2021-05-14 15:17:49.029181505-04:00
AAPL,127.37,5,127.35,1,2021-05-14 15:17:49.029217369-04:00
AAPL,127.37,4,127.35,1,2021-05-14 15:17:49.029297216-04:00
AAPL,127.37,4,127.35,1,2021-05-14 15:17:49.194392979-04:00
AAPL,127.37,4,127.35,2,2021-05-14 15:17:49.194398690-04:00
AAPL,127.37,4,127.35,2,2021-05-14 15:17:49.194734406-04:00
AAPL,127.37,4,127.35,3,2021-05-14 15:17:49.194906144-04:00
AAPL,127.37,3,127.35,3,2021-05-14 15:17:49.195315034-04:00
AAPL,127.37,2,127.35,3,2021-05-14 15:17:49.195355859-04:00
AAPL,127.37,2,127.35,4,2021-05-14 15:17:49.195421325-04:00
AAPL,127.37,1,127.35,4,2021-05-14 15:17:49.195528328-04:00
AAPL,127.37,1,127.35,4,2021-05-14 15:17:49.244732486-04:00
AAPL,127.36,1,127.35,4,2021-05-14 15:17:49.335941843-04:00
AAPL,127.36,2,127.35,4,2021-05-14 15:17:49.335967670-04:00
AAPL,127.36,2,127.35,5,2021-05-14 15:17:49.412724454-04:00
AAPL,127.36,2,127.35,8,2021-05-14 15:17:49.412816457-04:00
AAPL,127.36,2,127.35,5,2021-05-14 15:17:49.412842192-04:00
AAPL,127.36,2,127.35,4,2021-05-14 15:17:49.413396650-04:00
AAPL,127.36,2,127.35,3,2021-05-14 15:17:49.414103521-04:00
AAPL,127.36,2,127.35,4,2021-05-14 15:17:49.414775658-04:00
AAPL,127.36,2,127.35,3,2021-05-14 15:17:49.416547645-04:00
AAPL,127.36,2,127.35,2,2021-05-14 15:17:49.416548880-04:00
AAPL,127.36,3,127.35,2,2021-05-14 15:17:49.416557802-04:00
AAPL,127.36,4,127.35,2,2021-05-14 15:17:49.416566006-04:00
AAPL,127.36,3,127.35,2,2021-05-14 15:17:49.417228080-04:00
AAPL,127.36,3,127.35,3,2021-05-14 15:17:49.418355013-04:00
AAPL,127.36,3,127.35,2,2021-05-14 15:17:49.419489578-04:00
AAPL,127.36,4,127.35,2,2021-05-14 15:17:49.420989007-04:00
AAPL,127.36,4,127.35,1,2021-05-14 15:17:49.504323282-04:00
AAPL,127.36,3,127.35,1,2021-05-14 15:17:49.506151848-04:00
AAPL,127.36,3,127.35,2,2021-05-14 15:17:49.544140607-04:00
AAPL,127.36,3,127.35,1,2021-05-14 15:17:49.544591001-04:00
AAPL,127.36,4,127.35,1,2021-05-14 15:17:49.710568793-04:00
AAPL,127.36,3,127.35,1,2021-05-14 15:17:49.710893962-04:00
AAPL,127.36,4,127.35,1,2021-05-14 15:17:49.721027219-04:00
AAPL,127.36,4,127.35,1,2021-05-14 15:17:49.795494853-04:00
AAPL,127.36,4,127.27,2,2021-05-14 15:17:49.866791909-04:00
AAPL,127.36,4,127.35,1,2021-05-14 15:17:49.890682802-04:00
AAPL,127.36,4,127.27,2,2021-05-14 15:17:49.937523040-04:00
AAPL,127.36,5,127.27,2,2021-05-14 15:17:50.028774365-04:00
AAPL,127.36,5,127.35,1,2021-05-14 15:17:50.211239601-04:00
AAPL,127.36,4,127.35,1,2021-05-14 15:17:50.211967041-04:00
AAPL,127.36,3,127.35,1,2021-05-14 15:17:50.219812544-04:00
AAPL,127.36,2,127.35,1,2021-05-14 15:17:50.251529065-04:00
AAPL,127.36,3,127.35,1,2021-05-14 15:17:50.252001163-04:00
AAPL,127.36,4,127.35,1,2021-05-14 15:17:50.274669190-04:00
AAPL,127.36,4,127.27,2,2021-05-14 15:17:50.726721107-04:00
AAPL,127.36,5,127.27,2,2021-05-14 15:17:51.029090808-04:00
AAPL,127.36,4,127.27,2,2021-05-14 15:17:51.299075360-04:00
AAPL,127.36,4,127.35,1,2021-05-14 15:17:51.299567334-04:00
AAPL,127.36,3,127.35,1,2021-05-14 15:17:51.299682755-04:00
AAPL,127.36,3,127.35,2,2021-05-14 15:17:51.299773461-04:00
AAPL,127.36,4,127.35,2,2021-05-14 15:17:51.319985033-04:00
AAPL,127.36,4,127.35,2,2021-05-14 15:17:51.825184838-04:00
AAPL,127.36,3,127.35,2,2021-05-14 15:17:51.876113568-04:00
AAPL,127.36,3,127.35,3,2021-05-14 15:17:51.876440374-04:00
AAPL,127.36,2,127.35,3,2021-05-14 15:17:51.876512054-04:00
AAPL,127.36,2,127.35,4,2021-05-14 15:17:51.876523037-04:00
AAPL,127.37,2,127.35,4,2021-05-14 15:17:51.876594277-04:00
AAPL,127.37,2,127.35,7,2021-05-14 15:17:51.876656445-04:00
AAPL,127.37,2,127.35,7,2021-05-14 15:17:51.876862079-04:00
AAPL,127.37,2,127.35,8,2021-05-14 15:17:51.876947921-04:00
AAPL,127.37,2,127.35,7,2021-05-14 15:17:51.877032104-04:00
AAPL,127.37,3,127.35,7,2021-05-14 15:17:51.877042870-04:00
AAPL,127.37,2,127.35,7,2021-05-14 15:17:51.877061583-04:00
AAPL,127.37,2,127.35,6,2021-05-14 15:17:51.877247382-04:00
AAPL,127.37,1,127.35,6,2021-05-14 15:17:51.877290410-04:00
AAPL,127.37,1,127.36,1,2021-05-14 15:17:51.877301669-04:00
AAPL,127.38,1,127.36,1,2021-05-14 15:17:51.877309762-04:00
AAPL,127.38,1,127.35,6,2021-05-14 15:17:51.877411750-04:00
AAPL,127.37,1,127.35,6,2021-05-14 15:17:51.877460692-04:00
AAPL,127.37,2,127.35,6,2021-05-14 15:17:51.878238764-04:00
AAPL,127.37,2,127.35,5,2021-05-14 15:17:51.887493688-04:00
AAPL,127.37,2,127.35,5,2021-05-14 15:17:52.189196420-04:00
AAPL,127.37,2,127.36,1,2021-05-14 15:17:52.304808276-04:00
AAPL,127.37,3,127.36,1,2021-05-14 15:17:52.332036447-04:00
AAPL,127.37,2,127.36,1,2021-05-14 15:17:52.861837405-04:00
AAPL,127.37,1,127.36,1,2021-05-14 15:17:52.862184042-04:00
AAPL,127.37,2,127.36,1,2021-05-14 15:17:52.933235006-04:00
AAPL,127.37,3,127.36,1,2021-05-14 15:17:52.933256014-04:00
AAPL,127.37,4,127.36,1,2021-05-14 15:17:52.976794222-04:00
AAPL,127.37,3,127.36,1,2021-05-14 15:17:53.287085640-04:00
AAPL,127.37,4,127.36,1,2021-05-14 15:17:53.442286274-04:00
AAPL,127.38,5,127.36,1,2021-05-14 15:17:53.931348070-04:00
AAPL,127.38,5,127.36,4,2021-05-14 15:17:53.931547291-04:00
AAPL,127.38,4,127.36,4,2021-05-14 15:17:53.931553830-04:00
AAPL,127.38,3,127.36,4,2021-05-14 15:17:53.931555305-04:00
AAPL,127.38,3,127.36,5,2021-05-14 15:17:53.931580021-04:00
AAPL,127.38,3,127.36,6,2021-05-14 15:17:53.931583092-04:00
AAPL,127.38,2,127.36,6,2021-05-14 15:17:53.931614470-04:00
AAPL,127.38,2,127.36,7,2021-05-14 15:17:53.931676950-04:00
AAPL,127.38,2,127.36,6,2021-05-14 15:17:53.931755865-04:00
AAPL,127.38,1,127.36,6,2021-05-14 15:17:53.932072739-04:00
AAPL,127.4,1,127.36,6,2021-05-14 15:17:53.932097093-04:00
AAPL,127.4,1,127.37,1,2021-05-14 15:17:53.932156035-04:00
AAPL,127.4,1,127.37,4,2021-05-14 15:17:53.932182416-04:00
AAPL,127.4,1,127.37,5,2021-05-14 15:17:53.932197840-04:00
AAPL,127.4,1,127.37,6,2021-05-14 15:17:53.932222462-04:00
AAPL,127.4,1,127.37,6,2021-05-14 15:17:53.932998173-04:00
AAPL,127.4,1,127.37,3,2021-05-14 15:17:53.933503037-04:00
AAPL,127.4,1,127.37,4,2021-05-14 15:17:53.934301973-04:00
AAPL,127.38,1,127.37,4,2021-05-14 15:17:53.934317405-04:00
AAPL,127.38,1,127.37,3,2021-05-14 15:17:53.934464202-04:00
AAPL,127.38,1,127.37,6,2021-05-14 15:17:53.940445292-04:00
AAPL,127.4,1,127.37,6,2021-05-14 15:17:54.000127371-04:00
AAPL,127.4,1,127.37,3,2021-05-14 15:17:54.032215675-04:00
AAPL,127.4,1,127.37,6,2021-05-14 15:17:54.057402431-04:00
AAPL,127.4,1,127.37,6,2021-05-14 15:17:54.195422090-04:00
AAPL,127.4,1,127.37,6,2021-05-14 15:17:54.356617931-04:00
AAPL,127.4,1,127.37,6,2021-05-14 15:17:54.363195917-04:00
AAPL,127.38,1,127.37,6,2021-05-14 15:17:54.472810671-04:00
AAPL,127.38,2,127.37,6,2021-05-14 15:17:54.472836542-04:00
AAPL,127.38,2,127.37,3,2021-05-14 15:17:54.473473800-04:00
AAPL,127.38,2,127.37,2,2021-05-14 15:17:54.777381707-04:00
AAPL,127.38,3,127.37,2,2021-05-14 15:17:54.777382146-04:00
AAPL,127.38,3,127.37,1,2021-05-14 15:17:54.777516316-04:00
AAPL,127.38,4,127.37,1,2021-05-14 15:17:54.934323942-04:00
AAPL,127.38,5,127.37,1,2021-05-14 15:17:54.934381909-04:00
AAPL,127.38,5,127.36,1,2021-05-14 15:17:54.934447921-04:00
AAPL,127.38,5,127.36,1,2021-05-14 15:17:54.934473114-04:00
AAPL,127.38,5,127.36,1,2021-05-14 15:17:55.692695959-04:00
AAPL,127.38,4,127.36,1,2021-05-14 15:17:55.740712864-04:00
AAPL,127.38,5,127.36,1,2021-05-14 15:17:56.067215176-04:00
AAPL,127.38,4,127.36,1,2021-05-14 15:17:56.104377409-04:00
AAPL,127.38,5,127.36,1,2021-05-14 15:17:56.333736304-04:00
AAPL,127.38,5,127.35,2,2021-05-14 15:17:56.923092302-04:00
AAPL,127.38,5,127.35,2,2021-05-14 15:17:56.923428761-04:00
AAPL,127.38,4,127.35,2,2021-05-14 15:17:56.923440919-04:00
AAPL,127.37,1,127.35,2,2021-05-14 15:17:56.923497129-04:00
AAPL,127.37,2,127.35,2,2021-05-14 15:17:56.923518988-04:00
AAPL,127.37,1,127.35,2,2021-05-14 15:17:56.923543100-04:00
AAPL,127.37,1,127.36,1,2021-05-14 15:17:56.923632202-04:00
AAPL,127.37,1,127.36,4,2021-05-14 15:17:56.926820758-04:00
AAPL,127.38,2,127.36,4,2021-05-14 15:17:56.927693825-04:00
AAPL,127.38,1,127.36,4,2021-05-14 15:17:56.931943376-04:00
AAPL,127.38,1,127.36,5,2021-05-14 15:17:56.934047665-04:00
AAPL,127.38,1,127.36,6,2021-05-14 15:17:56.934803206-04:00
AAPL,127.38,1,127.36,3,2021-05-14 15:17:56.947436779-04:00
AAPL,127.38,1,127.36,6,2021-05-14 15:17:57.023824682-04:00
AAPL,127.37,1,127.36,6,2021-05-14 15:17:57.075956266-04:00
AAPL,127.37,2,127.36,6,2021-05-14 15:17:57.075987918-04:00
AAPL,127.37,2,127.36,3,2021-05-14 15:17:57.076541180-04:00
AAPL,127.37,2,127.36,6,2021-05-14 15:17:57.204324866-04:00
AAPL,127.37,2,127.36,6,2021-05-14 15:17:57.204482901-04:00
AAPL,127.37,2,127.36,3,2021-05-14 15:17:57.396574978-04:00
AAPL,127.37,3,127.36,3,2021-05-14 15:17:57.397096455-04:00
AAPL,127.37,3,127.36,6,2021-05-14 15:17:57.627423382-04:00
AAPL,127.37,2,127.36,6,2021-05-14 15:17:57.627646105-04:00
AAPL,127.37,2,127.36,3,2021-05-14 15:17:57.647549725-04:00
AAPL,127.37,2,127.36,6,2021-05-14 15:17:57.946733097-04:00
AAPL,127.37,1,127.36,6,2021-05-14 15:17:58.196807388-04:00
AAPL,127.37,1,127.36,6,2021-05-14 15:17:58.273622050-04:00
AAPL,127.37,2,127.36,6,2021-05-14 15:17:58.433545541-04:00
AAPL,127.37,2,127.36,3,2021-05-14 15:17:58.475988385-04:00
AAPL,127.37,3,127.36,3,2021-05-14 15:17:58.484401548-04:00
AAPL,127.37,3,127.36,6,2021-05-14 15:17:58.593174022-04:00
AAPL,127.37,2,127.36,6,2021-05-14 15:17:58.593436083-04:00
AAPL,127.38,3,127.36,6,2021-05-14 15:17:59.247281312-04:00
AAPL,127.38,2,127.36,6,2021-05-14 15:17:59.247839113-04:00
AAPL,127.38,1,127.36,6,2021-05-14 15:17:59.247854991-04:00
AAPL,127.38,1,127.36,6,2021-05-14 15:17:59.250669675-04:00
AAPL,127.38,1,127.36,3,2021-05-14 15:17:59.336895224-04:00
AAPL,127.38,1,127.36,6,2021-05-14 15:17:59.376208048-04:00
AAPL,127.37,1,127.36,6,2021-05-14 15:17:59.423352403-04:00
AAPL,127.37,2,127.36,6,2021-05-14 15:17:59.423379077-04:00
AAPL,127.37,2,127.36,6,2021-05-14 15:17:59.463382856-04:00
AAPL,127.38,3,127.36,6,2021-05-14 15:17:59.687342666-04:00
AAPL,127.38,2,127.36,6,2021-05-14 15:17:59.687886048-04:00
AAPL,127.38,1,127.36,6,2021-05-14 15:17:59.687903600-04:00
AAPL,127.4,1,127.36,6,2021-05-14 15:17:59.688716467-04:00
AAPL,127.4,1,127.36,7,2021-05-14 15:17:59.790873066-04:00
AAPL,127.4,1,127.36,6,2021-05-14 15:17:59.790884611-04:00
AAPL,127.4,1,127.36,5,2021-05-14 15:17:59.790910373-04:00
AAPL,127.38,1,127.36,5,2021-05-14 15:17:59.790995588-04:00
AAPL,127.38,2,127.36,5,2021-05-14 15:17:59.791097264-04:00
AAPL,127.38,2,127.36,4,2021-05-14 15:17:59.791108766-04:00
AAPL,127.38,3,127.36,4,2021-05-14 15:17:59.791109204-04:00
AAPL,127.38,3,127.37,1,2021-05-14 15:17:59.791196372-04:00
AAPL,127.38,3,127.37,2,2021-05-14 15:17:59.791627588-04:00
AAPL,127.38,2,127.37,2,2021-05-14 15:17:59.792216942-04:00
AAPL,127.38,3,127.37,2,2021-05-14 15:17:59.792687710-04:00
AAPL,127.38,3,127.37,1,2021-05-14 15:17:59.799585383-04:00
AAPL,127.38,3,127.36,4,2021-05-14 15:18:00.498433010-04:00
AAPL,127.38,3,127.36,4,2021-05-14 15:18:00.572042357-04:00
AAPL,127.38,2,127.36,4,2021-05-14 15:18:00.572515055-04:00
AAPL,127.37,1,127.36,4,2021-05-14 15:18:00.572984012-04:00
AAPL,127.37,2,127.36,4,2021-05-14 15:18:00.573130831-04:00
AAPL,127.37,2,127.36,1,2021-05-14 15:18:00.580755160-04:00
AAPL,127.37,2,127.35,2,2021-05-14 15:18:00.776281111-04:00
AAPL,127.37,2,127.36,1,2021-05-14 15:18:00.776838950-04:00
AAPL,127.37,2,127.36,2,2021-05-14 15:18:00.777253720-04:00
AAPL,127.37,2,127.36,5,2021-05-14 15:18:00.778765470-04:00
AAPL,127.38,3,127.36,5,2021-05-14 15:18:00.964024667-04:00
AAPL,127.38,2,127.36,5,2021-05-14 15:18:00.964675093-04:00
AAPL,127.38,2,127.36,6,2021-05-14 15:18:00.965000693-04:00
AAPL,127.38,2,127.36,7,2021-05-14 15:18:00.965066997-04:00
AAPL,127.38,2,127.36,6,2021-05-14 15:18:00.965227441-04:00
AAPL,127.38,3,127.36,6,2021-05-14 15:18:00.965232868-04:00
AAPL,127.38,3,127.36,5,2021-05-14 15:18:00.965555773-04:00
AAPL,127.38,3,127.37,1,2021-05-14 15:18:00.965695829-04:00
AAPL,127.38,3,127.37,2,2021-05-14 15:18:00.965785239-04:00
AAPL,127.38,2,127.37,2,2021-05-14 15:18:00.965796055-04:00
AAPL,127.38,2,127.37,3,2021-05-14 15:18:00.967147062-04:00
AAPL,127.38,1,127.37,3,2021-05-14 15:18:00.967288920-04:00
AAPL,127.4,1,127.37,3,2021-05-14 15:18:00.967309447-04:00
AAPL,127.4,1,127.37,2,2021-05-14 15:18:00.967742888-04:00
AAPL,127.38,1,127.37,2,2021-05-14 15:18:00.967765012-04:00
AAPL,127.4,1,127.37,2,2021-05-14 15:18:00.969024618-04:00
AAPL,127.4,1,127.37,3,2021-05-14 15:18:00.969025198-04:00
AAPL,127.4,1,127.37,2,2021-05-14 15:18:00.969278833-04:00
AAPL,127.4,1,127.37,3,2021-05-14 15:18:00.969750415-04:00
AAPL,127.4,1,127.37,2,2021-05-14 15:18:00.970175936-04:00
AAPL,127.38,1,127.37,2,2021-05-14 15:18:00.980990751-04:00
AAPL,127.38,1,127.37,3,2021-05-14 15:18:00.985567307-04:00
AAPL,127.38,1,127.37,2,2021-05-14 15:18:01.000483528-04:00
AAPL,127.38,2,127.37,2,2021-05-14 15:18:01.003150096-04:00
AAPL,127.38,1,127.37,2,2021-05-14 15:18:01.037971405-04:00
AAPL,127.38,1,127.37,3,2021-05-14 15:18:01.037975312-04:00
AAPL,127.38,1,127.37,4,2021-05-14 15:18:01.038459149-04:00
AAPL,127.38,1,127.37,7,2021-05-14 15:18:01.080820179-04:00
AAPL,127.4,1,127.37,7,2021-05-14 15:18:01.080966204-04:00
AAPL,127.4,1,127.37,6,2021-05-14 15:18:01.124128610-04:00
AAPL,127.38,1,127.37,6,2021-05-14 15:18:01.124224708-04:00
AAPL,127.38,1,127.37,5,2021-05-14 15:18:01.124361521-04:00
AAPL,127.38,1,127.37,2,2021-05-14 15:18:01.124484933-04:00
AAPL,127.38,2,127.37,2,2021-05-14 15:18:01.124829456-04:00
AAPL,127.38,2,127.37,1,2021-05-14 15:18:01.125426953-04:00
AAPL,127.38,1,127.37,1,2021-05-14 15:18:01.125737636-04:00
AAPL,127.38,2,127.37,1,2021-05-14 15:18:01.268281445-04:00
AAPL,127.38,1,127.37,1,2021-05-14 15:18:01.296898741-04:00
AAPL,127.38,2,127.37,1,2021-05-14 15:18:01.388502476-04:00
AAPL,127.38,3,127.37,1,2021-05-14 15:18:01.514038458-04:00
AAPL,127.38,4,127.37,1,2021-05-14 15:18:01.514072535-04:00
AAPL,127.38,3,127.37,1,2021-05-14 15:18:01.649819280-04:00
AAPL,127.38,2,127.37,1,2021-05-14 15:18:01.650981828-04:00
AAPL,127.38,2,127.37,2,2021-05-14 15:18:01.650982384-04:00
AAPL,127.38,2,127.37,3,2021-05-14 15:18:01.650984966-04:00
AAPL,127.38,2,127.37,2,2021-05-14 15:18:01.669501225-04:00
AAPL,127.38,3,127.37,2,2021-05-14 15:18:01.669510962-04:00
AAPL,127.38,3,127.37,1,2021-05-14 15:18:01.669958856-04:00
AAPL,127.38,4,127.37,1,2021-05-14 15:18:01.824043753-04:00
AAPL,127.38,4,127.36,2,2021-05-14 15:18:01.824929806-04:00
AAPL,127.38,3,127.36,2,2021-05-14 15:18:01.929980281-04:00
AAPL,127.38,3,127.37,1,2021-05-14 15:18:01.929997299-04:00
AAPL,127.38,2,127.37,1,2021-05-14 15:18:01.930009317-04:00
AAPL,127.38,2,127.37,4,2021-05-14 15:18:01.930015694-04:00
AAPL,127.38,2,127.37,5,2021-05-14 15:18:01.930020939-04:00
AAPL,127.38,2,127.37,6,2021-05-14 15:18:01.930032859-04:00
AAPL,127.38,2,127.37,3,2021-05-14 15:18:01.930060793-04:00
AAPL,127.38,2,127.37,2,2021-05-14 15:18:01.930162709-04:00
AAPL,127.38,2,127.37,1,2021-05-14 15:18:01.930212555-04:00
AAPL,127.38,2,127.37,2,2021-05-14 15:18:01.930408841-04:00
AAPL,127.38,3,127.37,2,2021-05-14 15:18:01.930596918-04:00
AAPL,127.38,3,127.37,5,2021-05-14 15:18:01.930640207-04:00
AAPL,127.38,2,127.37,5,2021-05-14 15:18:01.930645025-04:00
AAPL,127.39,2,127.37,5,2021-05-14 15:18:01.937388365-04:00
AAPL,127.39,1,127.37,5,2021-05-14 15:18:01.937930284-04:00
AAPL,127.4,1,127.37,5,2021-05-14 15:18:01.937946994-04:00
AAPL,127.4,1,127.37,5,2021-05-14 15:18:01.938373182-04:00
AAPL,127.39,1,127.37,5,2021-05-14 15:18:01.939404326-04:00
AAPL,127.4,1,127.37,5,2021-05-14 15:18:01.939515550-04:00
AAPL,127.4,1,127.37,5,2021-05-14 15:18:01.939614797-04:00
AAPL,127.4,1,127.37,5,2021-05-14 15:18:01.939778155-04:00
AAPL,127.4,1,127.37,2,2021-05-14 15:18:01.939889314-04:00
AAPL,127.4,1,127.37,3,2021-05-14 15:18:01.940671387-04:00
AAPL,127.4,1,127.37,6,2021-05-14 15:18:01.943206401-04:00
AAPL,127.4,1,127.37,3,2021-05-14 15:18:01.945184519-04:00
AAPL,127.4,1,127.37,4,2021-05-14 15:18:01.986182648-04:00
AAPL,127.4,1,127.37,4,2021-05-14 15:18:01.988329980-04:00
AAPL,127.4,1,127.37,7,2021-05-14 15:18:01.997927344-04:00
AAPL,127.38,1,127.37,7,2021-05-14 15:18:02.064194116-04:00
AAPL,127.38,2,127.37,7,2021-05-14 15:18:02.064233200-04:00
AAPL,127.39,2,127.37,7,2021-05-14 15:18:02.199450117-04:00
AAPL,127.39,2,127.37,7,2021-05-14 15:18:02.199818960-04:00
AAPL,127.39,2,127.37,6,2021-05-14 15:18:02.199947457-04:00
AAPL,127.39,3,127.37,6,2021-05-14 15:18:02.199969910-04:00
AAPL,127.39,2,127.37,6,2021-05-14 15:18:02.199999037-04:00
AAPL,127.39,1,127.37,6,2021-05-14 15:18:02.200003163-04:00
AAPL,127.4,1,127.37,6,2021-05-14 15:18:02.200014463-04:00
AAPL,127.4,1,127.37,5,2021-05-14 15:18:02.200502936-04:00
AAPL,127.39,1,127.37,5,2021-05-14 15:18:02.208893416-04:00
AAPL,127.39,1,127.37,5,2021-05-14 15:18:02.209354666-04:00
AAPL,127.39,2,127.37,5,2021-05-14 15:18:02.210647145-04:00
AAPL,127.39,3,127.37,5,2021-05-14 15:18:02.210720964-04:00
AAPL,127.39,4,127.37,5,2021-05-14 15:18:02.217556116-04:00
AAPL,127.39,4,127.37,5,2021-05-14 15:18:02.259353431-04:00
AAPL,127.39,3,127.37,5,2021-05-14 15:18:02.343686950-04:00
AAPL,127.39,2,127.37,5,2021-05-14 15:18:02.755041621-04:00
AAPL,127.39,3,127.37,5,2021-05-14 15:18:02.755942486-04:00
AAPL,127.39,4,127.37,5,2021-05-14 15:18:02.755962688-04:00
AAPL,127.39,4,127.38,1,2021-05-14 15:18:02.756063618-04:00
AAPL,127.39,3,127.38,1,2021-05-14 15:18:02.756385142-04:00
AAPL,127.39,3,127.38,4,2021-05-14 15:18:02.758092832-04:00
AAPL,127.39,3,127.38,5,2021-05-14 15:18:02.758147718-04:00
AAPL,127.39,2,127.38,5,2021-05-14 15:18:02.758213830-04:00
AAPL,127.39,2,127.38,6,2021-05-14 15:18:02.758220145-04:00
AAPL,127.39,2,127.38,5,2021-05-14 15:18:02.760951431-04:00
AAPL,127.39,3,127.38,5,2021-05-14 15:18:02.760956590-04:00
AAPL,127.39,3,127.38,4,2021-05-14 15:18:02.762441424-04:00
AAPL,127.39,3,127.38,1,2021-05-14 15:18:02.767814041-04:00
AAPL,127.39,3,127.37,2,2021-05-14 15:18:02.768299831-04:00
AAPL,127.39,3,127.38,1,2021-05-14 15:18:02.834911117-04:00
AAPL,127.39,3,127.38,2,2021-05-14 15:18:02.835406652-04:00
AAPL,127.39,3,127.38,5,2021-05-14 15:18:02.835425149-04:00
AAPL,127.39,2,127.38,5,2021-05-14 15:18:02.835426780-04:00
AAPL,127.39,2,127.38,6,2021-05-14 15:18:02.835430842-04:00
AAPL,127.4,3,127.38,6,2021-05-14 15:18:02.907858039-04:00
AAPL,127.4,3,127.38,7,2021-05-14 15:18:02.908753458-04:00
AAPL,127.4,2,127.38,7,2021-05-14 15:18:02.908897929-04:00
AAPL,127.4,1,127.38,7,2021-05-14 15:18:02.909165155-04:00
AAPL,136.52,1,127.38,7,2021-05-14 15:18:02.909404815-04:00
AAPL,136.52,1,127.38,6,2021-05-14 15:18:02.909476240-04:00
AAPL,127.4,1,127.38,6,2021-05-14 15:18:02.909721508-04:00
AAPL,127.4,1,127.38,5,2021-05-14 15:18:02.909989915-04:00
AAPL,127.4,2,127.38,5,2021-05-14 15:18:02.910289441-04:00
AAPL,127.4,3,127.38,5,2021-05-14 15:18:02.911634889-04:00
AAPL,127.4,2,127.38,5,2021-05-14 15:18:03.371958018-04:00
AAPL,127.4,2,127.39,1,2021-05-14 15:18:03.376770301-04:00
AAPL,127.4,2,127.39,2,2021-05-14 15:18:03.376992983-04:00
AAPL,127.4,1,127.39,2,2021-05-14 15:18:03.376996032-04:00
AAPL,127.4,1,127.39,1,2021-05-14 15:18:03.377621366-04:00
AAPL,127.4,2,127.39,1,2021-05-14 15:18:03.378105310-04:00
AAPL,127.4,2,127.38,4,2021-05-14 15:18:03.378194538-04:00
AAPL,127.4,2,127.38,3,2021-05-14 15:18:03.378556501-04:00
AAPL,127.4,3,127.38,3,2021-05-14 15:18:03.379022907-04:00
AAPL,127.4,2,127.38,3,2021-05-14 15:18:03.379043621-04:00
AAPL,127.4,1,127.38,3,2021-05-14 15:18:03.379128634-04:00
AAPL,127.4,1,127.38,4,2021-05-14 15:18:03.379495680-04:00
AAPL,127.4,1,127.38,4,2021-05-14 15:18:03.379545637-04:00
AAPL,127.39,1,127.38,4,2021-05-14 15:18:03.382726433-04:00
AAPL,127.4,1,127.38,4,2021-05-14 15:18:03.385180564-04:00
AAPL,127.39,1,127.38,4,2021-05-14 15:18:03.393786809-04:00
AAPL,127.4,1,127.38,4,2021-05-14 15:18:03.393801655-04:00
AAPL,127.39,1,127.38,4,2021-05-14 15:18:03.394301533-04:00
AAPL,127.4,1,127.38,4,2021-05-14 15:18:03.394316650-04:00
AAPL,127.39,1,127.38,4,2021-05-14 15:18:03.429951993-04:00
AAPL,127.39,2,127.38,4,2021-05-14 15:18:03.429977418-04:00
AAPL,127.39,3,127.38,4,2021-05-14 15:18:03.457431885-04:00
AAPL,127.39,2,127.38,4,2021-05-14 15:18:03.656883044-04:00
AAPL,127.39,2,127.38,5,2021-05-14 15:18:03.657362825-04:00
AAPL,127.39,2,127.38,4,2021-05-14 15:18:03.657706148-04:00
AAPL,127.39,3,127.38,4,2021-05-14 15:18:03.685355197-04:00
AAPL,127.39,3,127.38,3,2021-05-14 15:18:03.697356471-04:00
AAPL,127.39,3,127.38,4,2021-05-14 15:18:03.766874033-04:00
AAPL,127.39,3,127.38,3,2021-05-14 15:18:03.800993868-04:00
AAPL,127.39,3,127.38,4,2021-05-14 15:18:03.813484393-04:00
AAPL,127.39,3,127.38,3,2021-05-14 15:18:03.860719841-04:00
AAPL,127.39,4,127.38,3,2021-05-14 15:18:03.861515739-04:00
AAPL,127.39,3,127.38,3,2021-05-14 15:18:03.862370659-04:00
AAPL,127.39,3,127.38,4,2021-05-14 15:18:03.866116083-04:00
AAPL,127.39,2,127.38,4,2021-05-14 15:18:03.925385201-04:00
AAPL,127.39,3,127.38,4,2021-05-14 15:18:03.945039442-04:00
AAPL,127.39,3,127.38,3,2021-05-14 15:18:04.009854297-04:00
AAPL,127.39,3,127.38,4,2021-05-14 15:18:04.020189603-04:00
AAPL,127.39,2,127.38,4,2021-05-14 15:18:04.020240773-04:00
AAPL,127.39,3,127.38,4,2021-05-14 15:18:04.021086274-04:00
AAPL,127.4,4,127.38,4,2021-05-14 15:18:04.051022299-04:00
AAPL,127.4,3,127.38,4,2021-05-14 15:18:04.051072987-04:00
AAPL,127.4,3,127.38,5,2021-05-14 15:18:04.051084158-04:00
AAPL,127.4,3,127.38,5,2021-05-14 15:18:04.051303490-04:00
AAPL,127.4,2,127.38,5,2021-05-14 15:18:04.051342161-04:00
AAPL,127.4,2,127.38,4,2021-05-14 15:18:04.051417447-04:00
AAPL,127.4,2,127.38,5,2021-05-14 15:18:04.051470136-04:00
AAPL,127.4,1,127.38,5,2021-05-14 15:18:04.051570886-04:00
AAPL,136.52,1,127.38,5,2021-05-14 15:18:04.051597173-04:00
AAPL,127.4,1,127.38,5,2021-05-14 15:18:04.051833702-04:00
AAPL,127.4,1,127.38,5,2021-05-14 15:18:04.051844322-04:00
AAPL,127.4,1,127.39,1,2021-05-14 15:18:04.051922786-04:00
AAPL,127.4,2,127.39,1,2021-05-14 15:18:04.051969906-04:00
AAPL,127.4,2,127.39,4,2021-05-14 15:18:04.052096711-04:00
AAPL,127.4,2,127.39,1,2021-05-14 15:18:04.052161342-04:00
AAPL,127.4,3,127.39,1,2021-05-14 15:18:04.052214928-04:00
AAPL,127.4,3,127.38,1,2021-05-14 15:18:04.052272522-04:00
AAPL,127.4,3,127.38,1,2021-05-14 15:18:04.055217806-04:00
AAPL,127.4,4,127.38,1,2021-05-14 15:18:04.078470361-04:00
AAPL,127.4,3,127.38,1,2021-05-14 15:18:04.080258126-04:00
AAPL,127.4,3,127.39,1,2021-05-14 15:18:04.190038508-04:00
AAPL,127.4,3,127.39,1,2021-05-14 15:18:04.194050651-04:00
AAPL,127.4,3,127.39,1,2021-05-14 15:18:04.200177515-04:00
AAPL,127.4,4,127.39,1,2021-05-14 15:18:04.379515472-04:00
AAPL,127.4,4,127.38,1,2021-05-14 15:18:04.385031771-04:00
AAPL,127.4,4,127.39,1,2021-05-14 15:18:04.448425861-04:00
AAPL,127.4,4,127.39,4,2021-05-14 15:18:04.457549682-04:00
AAPL,127.4,3,127.39,4,2021-05-14 15:18:04.624518053-04:00
AAPL,127.4,3,127.39,1,2021-05-14 15:18:04.636455405-04:00
AAPL,127.4,3,127.38,1,2021-05-14 15:18:04.636555339-04:00
AAPL,127.4,3,127.39,1,2021-05-14 15:18:04.645499383-04:00
AAPL,127.4,3,127.39,4,2021-05-14 15:18:04.903397386-04:00
AAPL,127.4,2,127.39,4,2021-05-14 15:18:04.911761910-04:00
AAPL,127.4,3,127.39,4,2021-05-14 15:18:04.927202968-04:00
AAPL,127.4,4,127.39,4,2021-05-14 15:18:04.927229358-04:00
AAPL,127.4,5,127.39,4,2021-05-14 15:18:04.927772079-04:00
AAPL,127.4,5,127.39,1,2021-05-14 15:18:05.126135642-04:00
AAPL,127.4,5,127.38,1,2021-05-14 15:18:05.272160253-04:00
AAPL,127.4,5,127.39,1,2021-05-14 15:18:05.664948501-04:00
AAPL,127.4,5,127.39,4,2021-05-14 15:18:05.684410938-04:00
AAPL,127.4,5,127.39,1,2021-05-14 15:18:05.699068448-04:00
AAPL,127.4,5,127.38,1,2021-05-14 15:18:05.703078708-04:00
AAPL,127.4,5,127.39,1,2021-05-14 15:18:05.705878583-04:00
AAPL,127.4,5,127.39,4,2021-05-14 15:18:05.729266233-04:00
AAPL,127.4,4,127.39,4,2021-05-14 15:18:05.901197532-04:00
AAPL,127.4,3,127.39,4,2021-05-14 15:18:05.917491684-04:00
AAPL,127.4,2,127.39,4,2021-05-14 15:18:05.917674599-04:00
AAPL,127.4,2,127.39,5,2021-05-14 15:18:05.917677588-04:00
AAPL,127.4,3,127.39,5,2021-05-14 15:18:05.919380539-04:00
AAPL,127.4,2,127.39,5,2021-05-14 15:18:05.919512396-04:00
AAPL,127.4,1,127.39,5,2021-05-14 15:18:05.919517147-04:00
AAPL,127.41,1,127.39,5,2021-05-14 15:18:05.919735497-04:00
AAPL,127.41,2,127.39,5,2021-05-14 15:18:05.920013407-04:00
AAPL,127.41,1,127.39,5,2021-05-14 15:18:05.920076477-04:00
AAPL,127.41,1,127.39,5,2021-05-14 15:18:05.920585312-04:00
AAPL,127.41,1,127.39,5,2021-05-14 15:18:05.920862248-04:00
AAPL,127.41,1,127.39,4,2021-05-14 15:18:05.921029753-04:00
AAPL,127.41,2,127.39,4,2021-05-14 15:18:05.921672229-04:00
AAPL,127.41,2,127.39,4,2021-05-14 15:18:05.921673834-04:00
AAPL,127.41,1,127.39,4,2021-05-14 15:18:05.921695688-04:00
AAPL,127.41,1,127.39,4,2021-05-14 15:18:05.922931274-04:00
AAPL,127.4,1,127.39,4,2021-05-14 15:18:05.930998465-04:00
AAPL,127.4,1,127.39,1,2021-05-14 15:18:05.942445724-04:00
AAPL,127.4,1,127.39,4,2021-05-14 15:18:05.949076678-04:00
AAPL,127.4,1,127.39,4,2021-05-14 15:18:05.968059313-04:00
AAPL,127.4,2,127.39,4,2021-05-14 15:18:06.031376788-04:00
AAPL,127.4,3,127.39,4,2021-05-14 15:18:06.031411974-04:00
AAPL,127.4,3,127.39,1,2021-05-14 15:18:06.031993587-04:00
AAPL,127.4,3,127.38,1,2021-05-14 15:18:06.032352606-04:00
AAPL,127.4,3,127.39,1,2021-05-14 15:18:06.033457336-04:00
AAPL,127.4,3,127.39,4,2021-05-14 15:18:06.130497396-04:00
AAPL,127.4,3,127.39,1,2021-05-14 15:18:06.242655349-04:00
AAPL,127.4,3,127.39,4,2021-05-14 15:18:06.258237693-04:00
AAPL,127.4,3,127.39,3,2021-05-14 15:18:06.619123353-04:00
AAPL,127.4,3,127.38,1,2021-05-14 15:18:07.281768496-04:00
AAPL,127.4,4,127.38,1,2021-05-14 15:18:07.282591732-04:00
AAPL,127.4,4,127.37,2,2021-05-14 15:18:07.403132209-04:00
AAPL,127.4,4,127.37,2,2021-05-14 15:18:08.236500548-04:00
AAPL,127.39,1,127.37,2,2021-05-14 15:18:08.236509127-04:00
AAPL,127.39,2,127.37,2,2021-05-14 15:18:08.236518210-04:00
AAPL,127.39,3,127.37,2,2021-05-14 15:18:08.236573176-04:00
AAPL,127.39,2,127.37,2,2021-05-14 15:18:08.236776086-04:00
AAPL,127.39,3,127.37,2,2021-05-14 15:18:08.236842897-04:00
AAPL,127.39,2,127.37,2,2021-05-14 15:18:08.244743175-04:00
AAPL,127.39,2,127.38,1,2021-05-14 15:18:08.245764145-04:00
AAPL,127.39,1,127.38,1,2021-05-14 15:18:08.246052478-04:00
AAPL,127.39,1,127.37,2,2021-05-14 15:18:08.258814642-04:00
AAPL,127.39,2,127.37,2,2021-05-14 15:18:08.259200524-04:00
AAPL,127.39,3,127.37,2,2021-05-14 15:18:08.282985337-04:00
AAPL,127.39,3,127.37,1,2021-05-14 15:18:08.985346547-04:00
AAPL,127.39,4,127.37,1,2021-05-14 15:18:08.986272210-04:00
AAPL,127.38,1,127.37,1,2021-05-14 15:18:08.986385478-04:00
AAPL,127.38,2,127.37,1,2021-05-14 15:18:08.986388151-04:00
AAPL,127.38,2,127.37,4,2021-05-14 15:18:08.986396700-04:00
AAPL,127.38,1,127.37,4,2021-05-14 15:18:08.986463376-04:00
AAPL,127.38,1,127.37,3,2021-05-14 15:18:08.986522791-04:00
AAPL,127.38,2,127.37,3,2021-05-14 15:18:08.986534066-04:00
AAPL,127.38,2,127.36,1,2021-05-14 15:18:08.986571227-04:00
AAPL,127.38,2,127.37,1,2021-05-14 15:18:08.986753837-04:00
AAPL,127.38,2,127.36,1,2021-05-14 15:18:08.987092967-04:00
AAPL,127.38,3,127.36,1,2021-05-14 15:18:09.005839660-04:00
AAPL,127.38,2,127.36,1,2021-05-14 15:18:09.095174345-04:00
AAPL,127.38,3,127.36,1,2021-05-14 15:18:09.109956310-04:00
AAPL,127.38,4,127.36,1,2021-05-14 15:18:09.109991204-04:00
AAPL,127.38,5,127.36,1,2021-05-14 15:18:09.114326420-04:00
AAPL,127.38,4,127.36,1,2021-05-14 15:18:09.128137680-04:00
AAPL,127.38,5,127.36,1,2021-05-14 15:18:09.150577210-04:00
AAPL,127.38,5,127.27,2,2021-05-14 15:18:09.264743791-04:00
AAPL,127.37,1,127.27,2,2021-05-14 15:18:09.265306125-04:00
AAPL,127.37,1,127.36,3,2021-05-14 15:18:09.265422658-04:00
AAPL,127.37,1,127.36,4,2021-05-14 15:18:09.265440997-04:00
AAPL,127.37,1,127.36,4,2021-05-14 15:18:09.265461229-04:00
AAPL,127.37,2,127.36,4,2021-05-14 15:18:09.265486467-04:00
AAPL,127.37,2,127.36,1,2021-05-14 15:18:09.265494293-04:00
AAPL,127.37,2,127.27,2,2021-05-14 15:18:09.265534026-04:00
AAPL,127.37,3,127.27,2,2021-05-14 15:18:09.265610389-04:00
AAPL,127.37,4,127.27,2,2021-05-14 15:18:09.265777290-04:00
AAPL,127.37,3,127.27,2,2021-05-14 15:18:09.266056933-04:00
AAPL,127.37,3,127.36,1,2021-05-14 15:18:09.266076845-04:00
AAPL,127.37,3,127.36,2,2021-05-14 15:18:09.266347036-04:00
AAPL,127.37,3,127.36,1,2021-05-14 15:18:09.266480969-04:00
AAPL,127.37,3,127.36,4,2021-05-14 15:18:09.266483435-04:00
AAPL,127.37,3,127.36,1,2021-05-14 15:18:09.268911720-04:00
AAPL,127.37,3,127.27,2,2021-05-14 15:18:09.270681304-04:00
AAPL,127.37,2,127.27,2,2021-05-14 15:18:09.290316707-04:00
AAPL,127.37,2,127.36,1,2021-05-14 15:18:09.290392405-04:00
AAPL,127.37,2,127.36,4,2021-05-14 15:18:09.295956989-04:00
AAPL,127.37,2,127.36,5,2021-05-14 15:18:09.313812322-04:00
AAPL,127.37,1,127.36,5,2021-05-14 15:18:09.313953532-04:00
AAPL,127.38,2,127.36,5,2021-05-14 15:18:09.313977097-04:00
AAPL,127.38,2,127.36,5,2021-05-14 15:18:09.314117113-04:00
AAPL,127.37,1,127.36,5,2021-05-14 15:18:09.314863175-04:00
AAPL,127.38,2,127.36,5,2021-05-14 15:18:09.314878519-04:00
AAPL,127.37,1,127.36,5,2021-05-14 15:18:09.324143485-04:00
AAPL,127.37,1,127.36,5,2021-05-14 15:18:09.324216482-04:00
AAPL,127.37,2,127.36,5,2021-05-14 15:18:09.324491254-04:00
AAPL,127.37,2,127.36,4,2021-05-14 15:18:09.324820059-04:00
AAPL,127.37,1,127.36,4,2021-05-14 15:18:09.331175398-04:00
AAPL,127.37,1,127.36,5,2021-05-14 15:18:09.373709142-04:00
AAPL,127.37,2,127.36,5,2021-05-14 15:18:09.373872649-04:00
AAPL,127.37,2,127.36,5,2021-05-14 15:18:09.373880448-04:00
AAPL,127.37,3,127.36,5,2021-05-14 15:18:09.373902007-04:00
AAPL,127.37,2,127.36,5,2021-05-14 15:18:09.373945996-04:00
AAPL,127.37,3,127.36,5,2021-05-14 15:18:09.393857044-04:00
AAPL,127.37,2,127.36,5,2021-05-14 15:18:09.394130681-04:00
AAPL,127.37,3,127.36,5,2021-05-14 15:18:09.425918481-04:00
AAPL,127.37,3,127.36,2,2021-05-14 15:18:09.428591380-04:00
AAPL,127.37,3,127.36,1,2021-05-14 15:18:09.428593793-04:00
AAPL,127.37,4,127.36,1,2021-05-14 15:18:09.428886310-04:00
AAPL,127.37,3,127.36,1,2021-05-14 15:18:09.468903441-04:00
AAPL,127.37,3,127.36,4,2021-05-14 15:18:09.469032826-04:00
AAPL,127.37,3,127.36,5,2021-05-14 15:18:09.469778636-04:00
AAPL,127.37,2,127.36,5,2021-05-14 15:18:09.473325639-04:00
AAPL,127.37,2,127.36,6,2021-05-14 15:18:09.473332269-04:00
AAPL,127.37,2,127.36,5,2021-05-14 15:18:09.473451008-04:00
AAPL,127.37,2,127.36,6,2021-05-14 15:18:09.473913137-04:00
AAPL,127.37,2,127.36,5,2021-05-14 15:18:09.473929240-04:00
AAPL,127.37,2,127.36,6,2021-05-14 15:18:09.474946215-04:00
AAPL,127.37,2,127.36,3,2021-05-14 15:18:09.597700221-04:00
AAPL,127.37,2,127.36,2,2021-05-14 15:18:09.598363693-04:00
AAPL,127.37,2,127.36,1,2021-05-14 15:18:09.598733763-04:00
AAPL,127.37,3,127.36,1,2021-05-14 15:18:09.609343473-04:00
AAPL,127.37,2,127.36,1,2021-05-14 15:18:09.618856805-04:00
AAPL,127.37,3,127.36,1,2021-05-14 15:18:09.699748004-04:00
AAPL,127.37,3,127.27,2,2021-05-14 15:18:09.722019573-04:00
AAPL,127.37,4,127.27,2,2021-05-14 15:18:09.722028238-04:00
AAPL,127.37,3,127.27,2,2021-05-14 15:18:09.738803963-04:00
AAPL,127.37,3,127.36,1,2021-05-14 15:18:09.738806684-04:00
AAPL,127.37,3,127.27,2,2021-05-14 15:18:09.774357091-04:00
AAPL,127.37,4,127.27,2,2021-05-14 15:18:09.774367146-04:00
AAPL,127.37,4,127.36,1,2021-05-14 15:18:09.856676272-04:00
AAPL,127.37,3,127.36,1,2021-05-14 15:18:09.906763293-04:00
AAPL,127.37,2,127.36,1,2021-05-14 15:18:09.953163688-04:00
AAPL,127.37,2,127.27,2,2021-05-14 15:18:09.953199738-04:00
AAPL,127.37,3,127.27,2,2021-05-14 15:18:09.953211608-04:00
AAPL,127.37,4,127.27,2,2021-05-14 15:18:09.953682781-04:00
AAPL,127.37,3,127.27,2,2021-05-14 15:18:10.314135841-04:00
AAPL,127.37,4,127.27,2,2021-05-14 15:18:10.321191629-04:00
AAPL,127.37,3,127.27,2,2021-05-14 15:18:10.355737967-04:00
AAPL,127.37,4,127.27,2,2021-05-14 15:18:10.356404198-04:00
AAPL,127.37,3,127.27,2,2021-05-14 15:18:10.957188984-04:00
AAPL,127.37,3,127.36,1,2021-05-14 15:18:10.957191612-04:00
AAPL,127.37,2,127.36,1,2021-05-14 15:18:10.957646631-04:00
AAPL,127.37,2,127.36,2,2021-05-14 15:18:10.958125034-04:00
AAPL,127.37,2,127.36,1,2021-05-14 15:18:10.959914858-04:00
AAPL,127.37,3,127.36,1,2021-05-14 15:18:10.959934949-04:00
AAPL,127.37,2,127.36,1,2021-05-14 15:18:10.959954004-04:00
AAPL,127.37,3,127.36,1,2021-05-14 15:18:10.960169056-04:00
AAPL,127.37,4,127.36,1,2021-05-14 15:18:10.961198371-04:00
AAPL,127.37,3,127.36,1,2021-05-14 15:18:10.961663351-04:00
AAPL,127.37,2,127.36,1,2021-05-14 15:18:10.970479747-04:00
AAPL,127.37,2,127.36,2,2021-05-14 15:18:10.970670901-04:00
AAPL,127.37,2,127.36,1,2021-05-14 15:18:10.971272767-04:00
AAPL,127.37,2,127.36,2,2021-05-14 15:18:11.048945257-04:00
AAPL,127.37,2,127.36,1,2021-05-14 15:18:11.069809475-04:00
AAPL,127.37,3,127.36,1,2021-05-14 15:18:11.070441700-04:00
AAPL,127.37,2,127.36,1,2021-05-14 15:18:11.084201878-04:00
AAPL,127.37,1,127.36,1,2021-05-14 15:18:11.165286272-04:00
AAPL,127.37,1,127.36,2,2021-05-14 15:18:11.322124547-04:00
AAPL,127.37,1,127.36,1,2021-05-14 15:18:11.323135755-04:00
AAPL,127.37,1,127.36,2,2021-05-14 15:18:11.354173111-04:00
AAPL,127.37,1,127.36,1,2021-05-14 15:18:11.365641716-04:00
AAPL,127.37,1,127.36,2,2021-05-14 15:18:11.402549888-04:00
AAPL,127.37,1,127.36,2,2021-05-14 15:18:11.503324616-04:00
AAPL,127.37,1,127.36,5,2021-05-14 15:18:11.600357023-04:00
AAPL,127.38,3,127.36,5,2021-05-14 15:18:11.600496487-04:00
AAPL,127.38,2,127.36,5,2021-05-14 15:18:11.601045337-04:00
AAPL,127.38,2,127.36,5,2021-05-14 15:18:11.708532186-04:00
AAPL,127.37,1,127.36,5,2021-05-14 15:18:11.709687385-04:00
AAPL,127.37,1,127.36,2,2021-05-14 15:18:11.710099048-04:00
AAPL,127.37,1,127.36,5,2021-05-14 15:18:11.764834788-04:00
AAPL,127.37,1,127.36,2,2021-05-14 15:18:11.828090887-04:00
AAPL,127.37,1,127.36,5,2021-05-14 15:18:12.653960096-04:00
AAPL,127.37,1,127.36,5,2021-05-14 15:18:12.654579880-04:00
AAPL,127.37,1,127.36,2,2021-05-14 15:18:12.754879852-04:00
AAPL,127.37,1,127.36,1,2021-05-14 15:18:12.755641495-04:00
AAPL,127.37,1,127.36,2,2021-05-14 15:18:12.758771874-04:00
AAPL,127.37,1,127.36,1,2021-05-14 15:18:12.764119368-04:00
AAPL,127.37,1,127.36,2,2021-05-14 15:18:12.840929157-04:00
AAPL,127.37,1,127.36,5,2021-05-14 15:18:12.845235484-04:00
AAPL,127.37,1,127.36,2,2021-05-14 15:18:12.880059372-04:00
AAPL,127.37,1,127.36,1,2021-05-14 15:18:12.945987543-04:00
AAPL,127.37,1,127.36,2,2021-05-14 15:18:13.268071284-04:00
AAPL,127.37,1,127.36,5,2021-05-14 15:18:13.340344510-04:00
AAPL,127.37,1,127.36,2,2021-05-14 15:18:13.568026884-04:00
AAPL,127.37,2,127.36,2,2021-05-14 15:18:13.576456531-04:00
AAPL,127.37,2,127.36,1,2021-05-14 15:18:13.576783662-04:00
AAPL,127.37,2,127.36,2,2021-05-14 15:18:13.631475592-04:00
AAPL,127.37,1,127.36,2,2021-05-14 15:18:13.632831392-04:00
AAPL,127.37,1,127.36,5,2021-05-14 15:18:13.681708143-04:00
AAPL,127.37,1,127.36,2,2021-05-14 15:18:13.724263235-04:00
AAPL,127.37,1,127.36,1,2021-05-14 15:18:13.769759220-04:00
AAPL,127.37,1,127.36,2,2021-05-14 15:18:13.778891327-04:00
AAPL,127.37,2,127.36,2,2021-05-14 15:18:13.842134375-04:00
AAPL,127.38,2,127.36,2,2021-05-14 15:18:13.956061063-04:00
AAPL,127.38,2,127.36,2,2021-05-14 15:18:13.956594343-04:00
AAPL,127.38,2,127.36,5,2021-05-14 15:18:13.956752147-04:00
AAPL,127.38,2,127.36,5,2021-05-14 15:18:13.957000005-04:00
AAPL,127.37,1,127.36,5,2021-05-14 15:18:13.978768968-04:00
AAPL,127.37,1,127.36,5,2021-05-14 15:18:13.979027262-04:00
AAPL,127.37,1,127.36,5,2021-05-14 15:18:14.057856214-04:00
AAPL,127.38,2,127.36,5,2021-05-14 15:18:14.089843026-04:00
AAPL,127.38,1,127.36,5,2021-05-14 15:18:14.090336457-04:00
AAPL,127.38,1,127.36,6,2021-05-14 15:18:14.135270299-04:00
AAPL,127.38,1,127.36,5,2021-05-14 15:18:14.135392218-04:00
AAPL,127.38,1,127.36,4,2021-05-14 15:18:14.135765691-04:00
AAPL,127.38,2,127.36,4,2021-05-14 15:18:14.135862341-04:00
AAPL,127.38,1,127.36,4,2021-05-14 15:18:14.135891844-04:00
AAPL,127.38,2,127.36,4,2021-05-14 15:18:14.136150727-04:00
AAPL,127.38,3,127.36,4,2021-05-14 15:18:14.146771877-04:00
AAPL,127.38,3,127.37,1,2021-05-14 15:18:14.162325925-04:00
AAPL,127.38,2,127.37,1,2021-05-14 15:18:14.162418874-04:00
AAPL,127.38,3,127.37,1,2021-05-14 15:18:14.172345532-04:00
AAPL,127.38,3,127.36,4,2021-05-14 15:18:14.185332930-04:00
AAPL,127.38,2,127.36,4,2021-05-14 15:18:14.577007978-04:00
AAPL,127.38,1,127.36,4,2021-05-14 15:18:14.577084078-04:00
AAPL,127.38,2,127.36,4,2021-05-14 15:18:14.577159759-04:00
AAPL,127.38,1,127.36,4,2021-05-14 15:18:14.578076881-04:00
AAPL,127.38,1,127.37,1,2021-05-14 15:18:14.578827037-04:00
AAPL,127.38,1,127.36,4,2021-05-14 15:18:14.626093645-04:00
AAPL,127.38,2,127.36,4,2021-05-14 15:18:14.626538726-04:00
AAPL,127.38,3,127.36,4,2021-05-14 15:18:14.721934273-04:00
AAPL,127.38,2,127.36,4,2021-05-14 15:18:14.763636750-04:00
AAPL,127.38,3,127.36,4,2021-05-14 15:18:14.764365053-04:00
AAPL,127.38,2,127.36,4,2021-05-14 15:18:15.350288897-04:00
AAPL,127.38,2,127.37,1,2021-05-14 15:18:15.527167048-04:00
AAPL,127.38,2,127.36,4,2021-05-14 15:18:15.537022058-04:00
AAPL,127.38,2,127.37,1,2021-05-14 15:18:15.554928553-04:00
AAPL,127.38,1,127.37,1,2021-05-14 15:18:15.555332778-04:00
AAPL,127.38,1,127.37,2,2021-05-14 15:18:15.555422812-04:00
AAPL,127.38,1,127.37,3,2021-05-14 15:18:15.555429668-04:00
AAPL,127.38,1,127.37,6,2021-05-14 15:18:15.556434360-04:00
AAPL,127.38,1,127.37,3,2021-05-14 15:18:15.563844204-04:00
AAPL,127.38,2,127.37,3,2021-05-14 15:18:15.563850422-04:00
AAPL,127.38,2,127.37,2,2021-05-14 15:18:15.564302678-04:00
AAPL,127.38,2,127.37,1,2021-05-14 15:18:15.565047624-04:00
AAPL,127.38,2,127.36,1,2021-05-14 15:18:15.581591732-04:00
AAPL,127.38,3,127.36,1,2021-05-14 15:18:15.585238924-04:00
AAPL,127.38,2,127.36,1,2021-05-14 15:18:15.598713330-04:00
AAPL,127.38,2,127.37,1,2021-05-14 15:18:15.813325126-04:00
AAPL,127.38,1,127.37,1,2021-05-14 15:18:15.813647118-04:00
AAPL,127.38,1,127.37,2,2021-05-14 15:18:15.813749782-04:00
AAPL,127.38,1,127.37,3,2021-05-14 15:18:15.813849845-04:00
AAPL,127.38,1,127.37,2,2021-05-14 15:18:15.813940183-04:00
AAPL,127.38,2,127.37,2,2021-05-14 15:18:15.857048917-04:00
AAPL,127.38,2,127.37,1,2021-05-14 15:18:15.859547990-04:00
AAPL,127.38,1,127.37,1,2021-05-14 15:18:15.859761284-04:00
AAPL,127.38,1,127.36,1,2021-05-14 15:18:15.860075711-04:00
AAPL,127.38,2,127.36,1,2021-05-14 15:18:15.860240960-04:00
AAPL,127.38,3,127.36,1,2021-05-14 15:18:16.115652119-04:00
AAPL,127.38,2,127.36,1,2021-05-14 15:18:16.176301167-04:00
AAPL,127.38,2,127.37,1,2021-05-14 15:18:16.184967781-04:00
AAPL,127.38,1,127.37,1,2021-05-14 15:18:16.185144724-04:00
AAPL,127.38,1,127.37,2,2021-05-14 15:18:16.185688612-04:00
AAPL,127.38,1,127.37,1,2021-05-14 15:18:16.205867659-04:00
AAPL,127.38,2,127.37,1,2021-05-14 15:18:16.206167438-04:00
AAPL,127.38,2,127.36,1,2021-05-14 15:18:16.206231257-04:00
AAPL,127.38,3,127.36,1,2021-05-14 15:18:16.413932909-04:00
AAPL,127.38,2,127.36,1,2021-05-14 15:18:16.523621968-04:00
AAPL,127.38,3,127.36,1,2021-05-14 15:18:16.673040814-04:00
AAPL,127.38,4,127.36,1,2021-05-14 15:18:16.673743323-04:00
AAPL,127.38,3,127.36,1,2021-05-14 15:18:16.874110444-04:00
AAPL,127.38,3,127.37,1,2021-05-14 15:18:17.183354053-04:00
AAPL,127.38,3,127.37,2,2021-05-14 15:18:17.208109763-04:00
AAPL,127.38,2,127.37,2,2021-05-14 15:18:17.208194613-04:00
AAPL,127.38,1,127.37,2,2021-05-14 15:18:17.208240418-04:00
AAPL,127.38,1,127.37,5,2021-05-14 15:18:17.208812189-04:00
AAPL,127.38,1,127.37,6,2021-05-14 15:18:17.208821382-04:00
AAPL,127.39,2,127.37,6,2021-05-14 15:18:17.209278464-04:00
AAPL,127.39,1,127.37,6,2021-05-14 15:18:17.209826640-04:00
AAPL,127.39,1,127.37,6,2021-05-14 15:18:17.409195285-04:00
AAPL,127.39,1,127.37,3,2021-05-14 15:18:17.409426359-04:00
AAPL,127.38,1,127.37,3,2021-05-14 15:18:17.409767130-04:00
AAPL,127.38,2,127.37,3,2021-05-14 15:18:17.409785423-04:00
AAPL,127.38,2,127.37,2,2021-05-14 15:18:17.409886357-04:00
AAPL,127.38,2,127.37,1,2021-05-14 15:18:17.479963103-04:00
AAPL,127.38,2,127.36,1,2021-05-14 15:18:17.616285797-04:00
AAPL,127.38,3,127.36,1,2021-05-14 15:18:17.616293193-04:00
AAPL,127.38,4,127.36,1,2021-05-14 15:18:17.676911657-04:00
AAPL,127.38,4,127.27,2,2021-05-14 15:18:18.450228970-04:00
AAPL,127.38,4,127.27,2,2021-05-14 15:18:18.450824809-04:00
AAPL,127.38,4,127.36,1,2021-05-14 15:18:18.480551238-04:00
AAPL,127.38,4,127.36,1,2021-05-14 15:18:18.480612311-04:00
AAPL,127.38,4,127.27,2,2021-05-14 15:18:18.480622950-04:00
AAPL,127.38,3,127.27,2,2021-05-14 15:18:18.610709120-04:00
AAPL,127.38,3,127.37,1,2021-05-14 15:18:18.610709536-04:00
AAPL,127.38,3,127.27,2,2021-05-14 15:18:18.610799624-04:00
AAPL,127.38,4,127.27,2,2021-05-14 15:18:18.610859014-04:00
AAPL,127.38,3,127.27,2,2021-05-14 15:18:19.287014864-04:00
AAPL,127.38,4,127.27,2,2021-05-14 15:18:19.308237025-04:00
AAPL,127.38,4,127.37,1,2021-05-14 15:18:20.392632461-04:00
AAPL,127.38,4,127.37,2,2021-05-14 15:18:20.446413995-04:00
AAPL,127.38,3,127.37,2,2021-05-14 15:18:20.446686275-04:00
AAPL,127.38,2,127.37,2,2021-05-14 15:18:20.446918685-04:00
AAPL,127.38,2,127.37,3,2021-05-14 15:18:20.447928827-04:00
AAPL,127.38,2,127.37,6,2021-05-14 15:18:20.447985712-04:00
AAPL,127.38,2,127.37,6,2021-05-14 15:18:20.448177361-04:00
AAPL,127.38,2,127.37,5,2021-05-14 15:18:20.452739955-04:00
AAPL,127.38,2,127.37,6,2021-05-14 15:18:20.462521628-04:00
AAPL,127.38,2,127.37,5,2021-05-14 15:18:20.602425941-04:00
AAPL,127.38,2,127.37,6,2021-05-14 15:18:20.617991992-04:00
AAPL,127.38,2,127.37,5,2021-05-14 15:18:20.802172311-04:00
AAPL,127.38,3,127.37,5,2021-05-14 15:18:20.915930697-04:00
AAPL,127.38,2,127.37,5,2021-05-14 15:18:20.981359421-04:00
AAPL,127.38,2,127.37,6,2021-05-14 15:18:20.996981828-04:00
AAPL,127.38,2,127.37,5,2021-05-14 15:18:21.042898681-04:00
AAPL,127.38,3,127.37,5,2021-05-14 15:18:21.167814268-04:00
AAPL,127.38,2,127.37,5,2021-05-14 15:18:21.184609696-04:00
AAPL,127.38,3,127.37,5,2021-05-14 15:18:21.444010854-04:00
AAPL,127.38,3,127.37,4,2021-05-14 15:18:21.475108773-04:00
AAPL,127.38,3,127.37,5,2021-05-14 15:18:21.502688667-04:00
AAPL,127.38,2,127.37,5,2021-05-14 15:18:21.653375509-04:00
AAPL,127.38,3,127.37,5,2021-05-14 15:18:21.883693821-04:00
AAPL,127.38,3,127.37,4,2021-05-14 15:18:21.883764929-04:00
AAPL,127.38,4,127.37,4,2021-05-14 15:18:21.887172713-04:00
AAPL,127.38,4,127.37,5,2021-05-14 15:18:21.987905199-04:00
AAPL,127.38,3,127.37,5,2021-05-14 15:18:21.996211482-04:00
AAPL,127.38,3,127.37,4,2021-05-14 15:18:22.102862560-04:00
AAPL,127.38,3,127.37,1,2021-05-14 15:18:22.202201939-04:00
AAPL,127.38,3,127.27,2,2021-05-14 15:18:22.205860669-04:00
AAPL,127.38,3,127.37,1,2021-05-14 15:18:22.548745368-04:00
AAPL,127.38,3,127.37,2,2021-05-14 15:18:22.549060296-04:00
AAPL,127.38,3,127.37,5,2021-05-14 15:18:22.641349948-04:00
AAPL,127.38,2,127.37,5,2021-05-14 15:18:22.641351276-04:00
AAPL,127.38,3,127.37,5,2021-05-14 15:18:22.647117576-04:00
AAPL,127.38,2,127.37,5,2021-05-14 15:18:22.950498503-04:00
AAPL,127.38,2,127.37,6,2021-05-14 15:18:23.241329405-04:00
AAPL,127.38,2,127.37,5,2021-05-14 15:18:23.271000520-04:00
AAPL,127.38,3,127.37,5,2021-05-14 15:18:23.584650352-04:00
AAPL,127.38,3,127.37,2,2021-05-14 15:18:23.637711618-04:00
AAPL,127.38,4,127.37,2,2021-05-14 15:18:23.771670254-04:00
AAPL,127.38,4,127.37,1,2021-05-14 15:18:23.771999340-04:00
AAPL,127.38,4,127.27,2,2021-05-14 15:18:23.775669707-04:00
AAPL,127.38,5,127.27,2,2021-05-14 15:18:24.165265227-04:00
AAPL,127.38,5,127.27,2,2021-05-14 15:18:24.165699960-04:00
AAPL,127.38,6,127.27,2,2021-05-14 15:18:24.166002627-04:00
AAPL,127.38,6,127.27,2,2021-05-14 15:18:24.166119141-04:00
AAPL,127.38,5,127.27,2,2021-05-14 15:18:24.166128545-04:00
AAPL,127.38,4,127.27,2,2021-05-14 15:18:24.166151356-04:00
AAPL,127.38,3,127.27,2,2021-05-14 15:18:24.166181189-04:00
AAPL,127.38,3,127.36,3,2021-05-14 15:18:24.166196534-04:00
AAPL,127.38,3,127.27,2,2021-05-14 15:18:24.166305799-04:00
AAPL,127.38,3,127.36,1,2021-05-14 15:18:24.166338534-04:00
AAPL,127.38,3,127.36,2,2021-05-14 15:18:24.166346710-04:00
AAPL,127.37,1,127.36,2,2021-05-14 15:18:24.166374524-04:00
AAPL,127.37,1,127.36,5,2021-05-14 15:18:24.166820056-04:00
AAPL,127.38,2,127.36,5,2021-05-14 15:18:24.167422776-04:00
AAPL,127.38,2,127.36,5,2021-05-14 15:18:24.175231655-04:00
AAPL,127.38,1,127.36,5,2021-05-14 15:18:24.215699333-04:00
AAPL,127.37,1,127.36,5,2021-05-14 15:18:24.267941117-04:00
AAPL,127.37,2,127.36,5,2021-05-14 15:18:24.267979017-04:00
AAPL,127.38,3,127.36,5,2021-05-14 15:18:24.562453034-04:00
AAPL,127.38,3,127.36,5,2021-05-14 15:18:24.562791536-04:00
AAPL,127.38,2,127.36,5,2021-05-14 15:18:24.563011783-04:00
AAPL,127.38,1,127.36,5,2021-05-14 15:18:24.563032779-04:00
AAPL,127.37,1,127.36,5,2021-05-14 15:18:24.694988507-04:00
AAPL,127.37,2,127.36,5,2021-05-14 15:18:24.715933483-04:00
AAPL,127.37,2,127.36,4,2021-05-14 15:18:24.996712282-04:00
AAPL,127.37,2,127.36,5,2021-05-14 15:18:25.047789717-04:00
AAPL,127.38,3,127.36,5,2021-05-14 15:18:25.048517849-04:00
AAPL,127.38,2,127.36,5,2021-05-14 15:18:25.049064480-04:00
AAPL,127.38,1,127.36,5,2021-05-14 15:18:25.049080107-04:00
AAPL,127.37,1,127.36,5,2021-05-14 15:18:25.171206491-04:00
AAPL,127.38,2,127.36,5,2021-05-14 15:18:25.435865882-04:00
AAPL,127.38,1,127.36,5,2021-05-14 15:18:25.436404928-04:00
AAPL,127.37,1,127.36,5,2021-05-14 15:18:25.582038813-04:00
AAPL,127.37,2,127.36,5,2021-05-14 15:18:25.709419725-04:00
AAPL,127.37,2,127.36,4,2021-05-14 15:18:26.217481021-04:00
AAPL,127.37,3,127.36,4,2021-05-14 15:18:26.218379548-04:00
AAPL,127.37,4,127.36,4,2021-05-14 15:18:26.219221411-04:00
AAPL,127.37,3,127.36,4,2021-05-14 15:18:26.219663337-04:00
AAPL,127.37,3,127.36,5,2021-05-14 15:18:26.440086866-04:00
AAPL,127.37,2,127.36,5,2021-05-14 15:18:26.441571719-04:00
AAPL,127.38,3,127.36,5,2021-05-14 15:18:26.701070754-04:00
AAPL,127.38,2,127.36,5,2021-05-14 15:18:26.701323005-04:00
AAPL,127.38,1,127.36,5,2021-05-14 15:18:26.701871138-04:00
AAPL,127.39,1,127.36,5,2021-05-14 15:18:26.701976460-04:00
AAPL,127.39,1,127.36,6,2021-05-14 15:18:26.702202865-04:00
AAPL,127.39,1,127.36,5,2021-05-14 15:18:26.703368410-04:00
AAPL,127.37,1,127.36,5,2021-05-14 15:18:26.820376820-04:00
AAPL,127.39,1,127.36,5,2021-05-14 15:18:26.839040271-04:00
AAPL,127.39,1,127.36,6,2021-05-14 15:18:26.840067377-04:00
AAPL,127.39,1,127.36,6,2021-05-14 15:18:26.840455648-04:00
AAPL,127.39,1,127.36,5,2021-05-14 15:18:26.844447404-04:00
AAPL,127.39,1,127.36,6,2021-05-14 15:18:26.852775158-04:00
AAPL,127.39,1,127.36,5,2021-05-14 15:18:26.855754054-04:00
AAPL,127.39,1,127.36,6,2021-05-14 15:18:26.999709040-04:00
AAPL,127.39,1,127.36,5,2021-05-14 15:18:26.999762720-04:00
AAPL,127.39,1,127.36,6,2021-05-14 15:18:27.000100546-04:00
AAPL,127.39,1,127.36,5,2021-05-14 15:18:27.010241096-04:00
AAPL,127.39,1,127.36,6,2021-05-14 15:18:27.129746129-04:00
AAPL,127.39,1,127.36,5,2021-05-14 15:18:27.129780728-04:00
AAPL,127.39,1,127.36,7,2021-05-14 15:18:27.130136783-04:00
AAPL,127.39,1,127.36,5,2021-05-14 15:18:27.180126496-04:00
AAPL,127.39,1,127.36,6,2021-05-14 15:18:27.261691113-04:00
AAPL,127.39,1,127.36,5,2021-05-14 15:18:27.265400249-04:00
AAPL,127.39,1,127.36,5,2021-05-14 15:18:27.840452315-04:00
AAPL,127.39,1,127.37,3,2021-05-14 15:18:27.997988286-04:00
AAPL,127.39,1,127.37,4,2021-05-14 15:18:27.998022079-04:00
AAPL,127.39,1,127.37,4,2021-05-14 15:18:27.998037017-04:00
AAPL,127.39,1,127.37,4,2021-05-14 15:18:27.998073993-04:00
AAPL,127.39,1,127.37,5,2021-05-14 15:18:27.998088846-04:00
AAPL,127.39,1,127.37,6,2021-05-14 15:18:27.998168022-04:00
AAPL,127.39,1,127.37,5,2021-05-14 15:18:27.998195461-04:00
AAPL,127.39,1,127.37,4,2021-05-14 15:18:27.998221952-04:00
AAPL,127.38,1,127.37,4,2021-05-14 15:18:27.998266642-04:00
AAPL,127.38,1,127.37,5,2021-05-14 15:18:27.998735597-04:00
AAPL,127.39,1,127.37,5,2021-05-14 15:18:27.999319684-04:00
AAPL,127.39,1,127.37,6,2021-05-14 15:18:28.004976061-04:00
AAPL,127.38,1,127.37,6,2021-05-14 15:18:28.043029770-04:00
AAPL,127.39,1,127.37,6,2021-05-14 15:18:28.305666768-04:00
AAPL,127.39,1,127.37,5,2021-05-14 15:18:28.354588593-04:00
AAPL,127.39,1,127.37,5,2021-05-14 15:18:28.393424988-04:00
AAPL,127.39,1,127.37,5,2021-05-14 15:18:28.470886127-04:00
AAPL,127.39,1,127.37,6,2021-05-14 15:18:28.471142287-04:00
AAPL,127.39,1,127.37,5,2021-05-14 15:18:28.495478542-04:00
AAPL,127.39,1,127.37,5,2021-05-14 15:18:28.538790881-04:00
AAPL,127.38,1,127.37,5,2021-05-14 15:18:28.579330012-04:00
AAPL,127.38,2,127.37,5,2021-05-14 15:18:28.579356538-04:00
AAPL,127.38,2,127.37,5,2021-05-14 15:18:28.873686865-04:00
AAPL,127.38,3,127.37,5,2021-05-14 15:18:29.060980126-04:00
AAPL,127.38,4,127.37,5,2021-05-14 15:18:29.060995663-04:00
AAPL,127.38,4,127.37,2,2021-05-14 15:18:29.061849850-04:00
AAPL,127.38,4,127.37,1,2021-05-14 15:18:29.061899544-04:00
AAPL,127.38,5,127.37,1,2021-05-14 15:18:29.061908641-04:00
AAPL,127.38,5,127.36,1,2021-05-14 15:18:29.074207369-04:00
AAPL,127.38,4,127.36,1,2021-05-14 15:18:29.074429606-04:00
AAPL,127.38,4,127.37,1,2021-05-14 15:18:29.074432519-04:00
AAPL,127.38,4,127.37,2,2021-05-14 15:18:29.074697642-04:00
AAPL,127.38,4,127.37,5,2021-05-14 15:18:29.164795373-04:00
AAPL,127.38,3,127.37,5,2021-05-14 15:18:29.165271192-04:00
AAPL,127.38,4,127.37,5,2021-05-14 15:18:29.275913107-04:00
AAPL,127.38,3,127.37,5,2021-05-14 15:18:29.374170351-04:00
AAPL,127.38,4,127.37,5,2021-05-14 15:18:29.511347366-04:00
AAPL,127.38,4,127.37,2,2021-05-14 15:18:29.545702822-04:00
AAPL,127.38,5,127.37,2,2021-05-14 15:18:29.545712346-04:00
AAPL,127.38,5,127.37,1,2021-05-14 15:18:29.545712790-04:00
AAPL,127.38,4,127.37,1,2021-05-14 15:18:29.545746076-04:00
AAPL,127.38,5,127.37,1,2021-05-14 15:18:29.546218005-04:00
AAPL,127.38,5,127.37,4,2021-05-14 15:18:29.548475633-04:00
AAPL,127.38,4,127.37,4,2021-05-14 15:18:29.553217134-04:00
AAPL,127.38,4,127.37,5,2021-05-14 15:18:29.553228946-04:00
AAPL,127.38,4,127.37,4,2021-05-14 15:18:29.564669349-04:00
AAPL,127.38,5,127.37,4,2021-05-14 15:18:29.564678818-04:00
AAPL,127.38,5,127.37,1,2021-05-14 15:18:29.564842349-04:00
AAPL,127.38,5,127.36,1,2021-05-14 15:18:29.565222904-04:00
AAPL,127.38,4,127.36,1,2021-05-14 15:18:29.565544637-04:00
AAPL,127.38,4,127.37,1,2021-05-14 15:18:29.565566351-04:00
AAPL,127.38,4,127.36,1,2021-05-14 15:18:29.565657122-04:00
AAPL,127.38,5,127.36,1,2021-05-14 15:18:29.566240952-04:00
AAPL,127.38,5,127.27,2,2021-05-14 15:18:29.566267363-04:00
AAPL,127.38,5,127.36,3,2021-05-14 15:18:29.566390001-04:00
AAPL,127.38,6,127.36,3,2021-05-14 15:18:29.566463554-04:00
AAPL,127.38,6,127.36,4,2021-05-14 15:18:29.566493081-04:00
AAPL,127.38,5,127.36,4,2021-05-14 15:18:29.566502559-04:00
AAPL,127.38,4,127.36,4,2021-05-14 15:18:29.566711336-04:00
AAPL,127.38,4,127.36,5,2021-05-14 15:18:29.566868855-04:00
AAPL,127.38,3,127.36,5,2021-05-14 15:18:29.573936184-04:00
AAPL,127.38,2,127.36,5,2021-05-14 15:18:29.573954033-04:00
AAPL,127.38,1,127.36,5,2021-05-14 15:18:29.588238448-04:00
AAPL,127.37,1,127.36,5,2021-05-14 15:18:29.751869220-04:00
AAPL,127.37,2,127.36,5,2021-05-14 15:18:29.751896290-04:00
AAPL,127.38,3,127.36,5,2021-05-14 15:18:30.323157305-04:00
AAPL,127.38,2,127.36,5,2021-05-14 15:18:30.323704368-04:00
AAPL,127.38,1,127.36,5,2021-05-14 15:18:30.323725748-04:00
AAPL,127.37,1,127.36,5,2021-05-14 15:18:30.448765080-04:00
AAPL,127.37,2,127.36,5,2021-05-14 15:18:30.483881436-04:00
AAPL,127.38,3,127.36,5,2021-05-14 15:18:30.545426980-04:00
AAPL,127.38,2,127.36,5,2021-05-14 15:18:30.545842490-04:00
AAPL,127.38,2,127.36,6,2021-05-14 15:18:30.545873254-04:00
AAPL,127.38,1,127.36,6,2021-05-14 15:18:30.545972806-04:00
AAPL,127.39,1,127.36,6,2021-05-14 15:18:30.545988711-04:00
AAPL,127.39,1,127.36,5,2021-05-14 15:18:30.546102367-04:00
AAPL,127.39,1,127.37,1,2021-05-14 15:18:30.546107236-04:00
AAPL,127.39,1,127.37,2,2021-05-14 15:18:30.546118416-04:00
AAPL,127.39,1,127.37,5,2021-05-14 15:18:30.546135306-04:00
AAPL,127.38,1,127.37,5,2021-05-14 15:18:30.546273034-04:00
AAPL,127.38,1,127.37,5,2021-05-14 15:18:30.546476848-04:00
AAPL,127.39,1,127.37,5,2021-05-14 15:18:30.546630311-04:00
AAPL,127.38,1,127.37,5,2021-05-14 15:18:30.547260727-04:00
AAPL,127.38,2,127.37,5,2021-05-14 15:18:30.547648748-04:00
AAPL,127.38,3,127.37,5,2021-05-14 15:18:30.553082122-04:00
AAPL,127.38,2,127.37,5,2021-05-14 15:18:30.553136871-04:00
AAPL,127.38,2,127.37,5,2021-05-14 15:18:30.554842936-04:00
AAPL,127.38,1,127.37,5,2021-05-14 15:18:30.555691277-04:00
AAPL,127.38,2,127.37,5,2021-05-14 15:18:30.606752106-04:00
AAPL,127.38,2,127.37,2,2021-05-14 15:18:31.025173913-04:00
AAPL,127.38,3,127.37,2,2021-05-14 15:18:31.108556039-04:00
AAPL,127.38,4,127.37,2,2021-05-14 15:18:31.108583046-04:00
AAPL,127.38,3,127.37,2,2021-05-14 15:18:31.109429241-04:00
AAPL,127.38,4,127.37,2,2021-05-14 15:18:31.140218699-04:00
AAPL,127.38,4,127.37,1,2021-05-14 15:18:31.150605173-04:00
AAPL,127.38,4,127.36,1,2021-05-14 15:18:31.150646805-04:00
AAPL,127.38,5,127.36,1,2021-05-14 15:18:31.153809402-04:00
AAPL,127.38,4,127.36,1,2021-05-14 15:18:31.154154361-04:00
AAPL,127.38,5,127.36,1,2021-05-14 15:18:31.156018928-04:00
AAPL,127.38,4,127.36,1,2021-05-14 15:18:31.156312675-04:00
AAPL,127.38,4,127.37,1,2021-05-14 15:18:31.160328495-04:00
AAPL,127.38,4,127.36,1,2021-05-14 15:18:31.181425611-04:00
AAPL,127.38,5,127.36,1,2021-05-14 15:18:31.183220379-04:00
AAPL,127.38,4,127.36,1,2021-05-14 15:18:31.184277862-04:00
AAPL,127.38,4,127.27,2,2021-05-14 15:18:31.184283281-04:00
AAPL,127.38,4,127.36,1,2021-05-14 15:18:31.184288048-04:00
AAPL,127.38,4,127.36,4,2021-05-14 15:18:31.184603741-04:00
AAPL,127.38,4,127.36,4,2021-05-14 15:18:31.184789626-04:00
AAPL,127.38,4,127.36,5,2021-05-14 15:18:31.184791522-04:00
AAPL,127.38,4,127.36,6,2021-05-14 15:18:31.184824553-04:00
AAPL,127.38,3,127.36,6,2021-05-14 15:18:31.184829392-04:00
AAPL,127.38,2,127.36,6,2021-05-14 15:18:31.184870450-04:00
AAPL,127.38,1,127.36,6,2021-05-14 15:18:31.184922487-04:00
AAPL,127.38,1,127.36,5,2021-05-14 15:18:31.206183027-04:00
AAPL,127.38,1,127.36,4,2021-05-14 15:18:31.207030216-04:00
AAPL,127.38,1,127.36,4,2021-05-14 15:18:31.209215589-04:00
AAPL,127.38,1,127.36,4,2021-05-14 15:18:31.215281423-04:00
AAPL,127.38,1,127.36,5,2021-05-14 15:18:31.227011380-04:00
AAPL,127.38,1,127.36,5,2021-05-14 15:18:31.231980364-04:00
AAPL,127.39,1,127.36,5,2021-05-14 15:18:31.232076622-04:00
AAPL,127.39,1,127.36,5,2021-05-14 15:18:31.232551896-04:00
AAPL,127.39,1,127.36,5,2021-05-14 15:18:31.264810553-04:00
AAPL,127.37,1,127.36,5,2021-05-14 15:18:31.328560525-04:00
AAPL,127.37,2,127.36,5,2021-05-14 15:18:31.328582315-04:00
AAPL,127.37,3,127.36,5,2021-05-14 15:18:31.563064247-04:00
AAPL,127.37,3,127.36,4,2021-05-14 15:18:31.624436736-04:00
AAPL,127.37,3,127.36,3,2021-05-14 15:18:31.624441735-04:00
AAPL,127.37,4,127.36,3,2021-05-14 15:18:31.624946090-04:00
AAPL,127.37,4,127.36,4,2021-05-14 15:18:31.625073501-04:00
AAPL,127.37,4,127.36,3,2021-05-14 15:18:31.625432718-04:00
AAPL,127.37,5,127.36,3,2021-05-14 15:18:31.625450452-04:00
AAPL,127.37,4,127.36,3,2021-05-14 15:18:31.625637014-04:00
AAPL,127.37,3,127.36,3,2021-05-14 15:18:31.625657278-04:00
AAPL,127.37,3,127.36,4,2021-05-14 15:18:31.625905341-04:00
AAPL,127.37,3,127.36,3,2021-05-14 15:18:31.626367269-04:00
AAPL,127.37,4,127.36,3,2021-05-14 15:18:31.626376307-04:00
